3150 4992
234 477 278 540 22
608 492 809 540 nncrrouns
832 491 967 540 vanis.

237 617 294 653 Pau.
330 615 381 652 us.

238 681 292 754 41,
334 680 386 750 21,
395 673 518 760 jacebat
639 677 877 741 decumbebat.

238 841 289 854 -
334 804 386 877 22,
402 783 597 884 infirmiores
640 795 727 860 deest.

241 969 290 980 -
333 961 377 972 -
402 945 467 997 rec,
479 945 551 1008 prae
640 920 769 1002 itaque.

240 1091 291 1103 ..
336 1051 388 1124 23,
401 1045 593 1131 aeqmtudinis
641 1042 852 1107 cruciatibus
860 1045 991 1108 morbi.

395 1145 577 1229 punctioni·

404 1243 457 1306 dus

243 1403 291 1416 ·-
339 1370 390 1443 25,
400 1367 578 1452 positurum
643 1361 856 1426 effecturum.

243 1521 295 1544 ¹-
338 1493 391 1566 29,
407 1511 443 1554 ec
458 1537 465 1552 .
482 1535 490 1552 .
507 1535 515 1552 .
532 1498 575 1553 art
644 1490 828 1564 postquam
846 1483 990 1547 sanitati
1008 1485 1189 1549 restitutus
1205 1485 1281 1550 fuit.

245 1615 299 1690 42,
361 1614 391 1688 l,
410 1620 584 1697 conquestus
645 1611 824 1670 assereret.

409 1721 451 1774 est

245 1874 296 1890 ...
363 1835 394 1911 2,
411 1834 493 1918 quod
524 1832 598 1898 urbs
646 1827 765 1889 urbem
788 1826 1063 1892 Liucolniensem
1086 1835 1122 1893 et
1138 1831 1350 1913 provinciam

414 1941 537 1999 ...toto
667 1931 789 1990 totam.

362 2057 393 2132 3,
412 2053 579 2118 dedmuent
646 2048 734 2115 deest.

365 2178 393 2254 6,
409 2177 463 2240 doc
647 2172 712 2237 hoc
727 2172 851 2255 primo.

365 2297 394 2378 7,
411 2307 585 2384 reputatum
648 2296 852 2379 deputatum
866 2304 931 2362 est.

364 2427 395 2502 9,
409 2424 590 2506 deteramus
649 2440 725 2483 cum
743 2421 813 2484 filio
827 2441 904 2498 suo,
918 2422 978 2504 qui
998 2421 1160 2486 ethaeros
1182 2422 1212 2486 si
1231 2441 1351 2505 snper·

412 2571 420 2588 .
436 2569 444 2586 .
461 2571 470 2586 .
496 2543 600 2605 saper-
670 2520 816 2584 vixisset
829 2520 966 2585 futurus
982 2529 1069 2599 erat,
1082 2523 1292 2605 interceptus

415 2621 537 2684 vindat
670 2618 879 2683 interfectus.

248 2783 299 2798 --
344 2748 397 2821 12,
414 2744 553 2828 dimitri.
569 2791 576 2808 .
593 2791 600 2806 .
649 2741 840 2805 incredibili
857 2743 975 2806 dolore
998 2745 1151 2826 corporis
1173 2751 1208 2807 et
1225 2743 1351 2807 animae

411 2844 541 2926 sasemis
672 2840 796 2904 affecta
814 2848 877 2904 est.
930 2842 974 2905 In
992 2842 1139 2906 ecclesia
1158 2843 1248 2906 enim
1270 2861 1353 2906 oon-

673 2939 822 3004 sessione
839 2950 875 3005 et
892 2943 1132 3006 communione
1149 2949 1300 3025 peracta.

248 3106 299 3117 -
345 3066 396 3140 19,
413 3062 480 3146 ejus
648 3062 737 3127 deest.

247 3227 300 3238 -
344 3183 497 3262 aurardi
518 3186 601 3250 conii
648 3189 871 3252 restauravit.

234 3349 299 3362 --
343 3311 601 3394 28‚persecutione
650 3310 900 3375 devastatione.

248 3471 299 3486 -
343 3432 591 3508 29,doditoiores
651 3433 801 3498 colonos,

250 3558 303 3631 43,
362 3556 600 3638 2‚.quantam..
651 3563 783 3636 quanta
800 3564 879 3638 post
893 3554 1068 3623 hominum
1083 3563 1281 3626 memoriam
1298 3584 1355 3629 ac·

412 3655 559 3718 accidisse
672 3654 813 3718 ciderat.

249 3814 300 3830 ...
366 3776 602 3861 apermeuddio
652 3781 910 3845 transmeabilia
925 3795 1053 3848 esseut.

401 3876 578 3940 nidereniru'

250 3971 309 4050 -V
347 3999 398 4073 12,
414 3997 588 4062 monaldus
650 4003 839 4068 internecio
857 4012 891 4069 et
907 4014 1052 4089 strages.

250 4161 301 4174 ...
346 4123 398 4198 14,
408 4133 594 4205 prouocatus
650 4127 841 4194 incusatus.

250 4284 301 4296 -
348 4247 397 4321 15,
406 4247 527 4329 facerat
652 4250 871 4330 praestiterat.
