3150 4992
261 467 328 536 242
633 486 835 534 nncrronns
858 485 991 536 viarm.

227 719 232 728 ,
265 673 387 749 gerent
419 667 666 751 corripientes;
701 687 766 734 nec
795 666 1027 732 confessiones
1059 664 1216 750 alicujus,
1247 667 1278 729 si
1304 685 1366 730 eas

266 767 385 831 audire
411 767 661 848 contingerent,
687 786 827 848 quoquo
853 765 954 831 modo
979 767 1190 848 detegerent,
1212 765 1293 829 licet
1318 765 1363 828 ad

266 874 400 930 remote
417 865 702 948 transmigrantes
717 867 807 943 loca,
828 886 872 930 ne
888 865 1090 930 scandalum
1113 865 1217 930 alicui
1231 865 1364 928 oriatur

268 964 324 1029 rel
349 963 442 1028 fama
466 965 686 1047 denigretur3
712 985 776 1029 nec
802 984 875 1048 pax
898 965 1065 1042 ecclesiae,
1085 984 1165 1047 qnae
1189 983 1212 1028 a
1235 964 1364 1027 sanctis

267 1064 434 1146 apostolis
463 1073 499 1129 et
525 1065 659 1146 magnis
686 1083 727 1129 ac
752 1065 882 1128 sanctis
911 1064 1068 1146 patribus
1098 1082 1139 1128 ac
1166 1063 1365 1127 doctoribus

267 1163 394 1227 nostris
419 1182 525 1246 snpra
550 1163 685 1227 firmam
712 1171 847 1246 petram
872 1163 1028 1227 stabilita
1050 1168 1164 1228 estet
1193 1162 1366 1238 ordinata,

269 1262 325 1326 vel
342 1262 378 1325 in
394 1261 641 1345 temporalibus
659 1262 834 1346 jacturam
850 1263 1015 1339 incurrat,
1030 1260 1086 1325 vel
1109 1261 1367 1343 quomodolibet

269 1363 499 1443 perturbetur.
552 1360 703 1425 Peccata
717 1368 834 1426 autem
851 1367 952 1425 caute
964 1360 1153 1443 inquirant,
1168 1380 1211 1423 ne
1227 1361 1368 1442 ignotas

269 1466 305 1523 et
334 1460 520 1538 inauditas,
551 1461 612 1543 qui
643 1460 815 1543 simplices
849 1466 943 1538 sunt,
970 1460 1105 1523 discant
1133 1459 1366 1523 enormitates.

270 1557 417 1624 Nullum
436 1561 472 1623 in
492 1561 654 1642 abyssum
673 1560 862 1625 terroribus
882 1566 943 1622 ant
958 1558 1059 1622 minis
1079 1559 1228 1641 satyrice
1247 1558 1366 1642 objur-

269 1665 393 1739 gantes
416 1659 632 1741 demergant,
653 1659 713 1722 sed
736 1659 853 1742 potius
876 1658 911 1720 in
928 1677 1025 1740 spem
1049 1659 1184 1739 erigant
1199 1657 1364 1739 spiritua·

269 1756 347 1820 lem.
401 1757 541 1822 Fratres
559 1777 676 1822 omnes
691 1757 858 1833 Minores,
872 1757 915 1820 de
936 1776 974 1820 se
995 1757 1079 1838 ipsis
1096 1764 1268 1840 postremo
1287 1757 1366 1818 aliis

269 1856 430 1939 exempla
463 1857 668 1921 humilitatis
698 1857 943 1940 relinquentes,
976 1856 1070 1920 viros
1106 1855 1248 1919 alterius
1285 1854 1367 1917 reli·

270 1955 395 2036 gionis,
421 1956 576 2038 regulam
601 1955 658 2021 vel
683 1963 830 2033 statuta,
853 1954 919 2019 sibi
948 1955 1003 2019 rel
1027 1954 1101 2018 suis
1127 1953 1268 2018 statutis
1297 1973 1367 2017 non

270 2061 493 2137 postponant.
544 2055 649 2119 Omni
676 2055 909 2132 extremitate,
931 2055 1079 2130 vilitate,
1107 2059 1142 2117 et
1163 2058 1368 2136 paupertate

270 2174 333 2236 pro
358 2153 498 2219 Christo
517 2155 682 2231 contenti,
707 2175 775 2220 non
799 2153 1021 2229 extollantur,
1050 2160 1090 2215 ut
1106 2153 1264 2216 meliores
1288 2151 1365 2214 aliis

270 2253 477 2333 videantur3
500 2273 563 2318 nec
586 2253 630 2317 ad
652 2254 835 2336 privilegia
855 2254 911 2317 vel
932 2251 1132 2334 dignitates,
1150 2251 1185 2313 in
1207 2250 1368 2334 praejudi-

270 2352 361 2420 cium
391 2354 447 2418 vel
480 2353 722 2418 detrimentum
752 2354 958 2436 aliquorum,
989 2351 1167 2434 aspirent;
1203 2369 1265 2413 nec
1292 2350 1368 2412 sine

271 2450 455 2516 favorabili
484 2471 628 2517 assensu
658 2452 714 2517 vel
744 2454 910 2536 petitione
941 2450 1142 2533 praedicent,
1175 2448 1230 2512 vel
1262 2448 1367 2512 alicui

270 2551 464 2626 consulant,
492 2570 568 2614 sese
596 2552 804 2632 ingerentes.
857 2551 1007 2614 Etcum
1035 2549 1151 2613 omnia
1178 2567 1241 2629 pro
1269 2556 1369 2611 sect

271 2648 343 2711 suis
358 2650 564 2730 sequacibus
581 2648 863 2730 irrefragabiliter
878 2649 1083 2713 Franciscus
1100 2665 1212 2712 novus
1227 2646 1370 2710 Domini

271 2753 350 2829 tyro
366 2748 571 2823 ordinasset,
585 2747 743 2812 dominus
758 2767 851 2831 papa
866 2748 1021 2829 regulam
1037 2765 1134 2811 suam
1151 2746 1370 2829 approbavit,

272 2846 465 2922 annotavit,
490 2853 526 2910 et
549 2846 776 2924 confirmavit,
797 2847 1091 2910 etinviolabiliter
1109 2846 1217 2930 jussit
1232 2846 1369 2926 abipso

271 2951 307 3007 et
322 2944 484 3008 fratribus
499 2945 571 3010 suis
585 2945 622 3008 in
638 2955 842 3029 perpetuum
857 2945 1045 3011 observari.
1098 2944 1237 3026 Regula
1252 2951 1369 3008 nutem

272 3043 353 3106 talis
370 3050 443 3123 est3
534 3095 541 3102 .

524 3158 645 3245 Repadr
659 3167 688 3223 et
702 3158 768 3224 rita
783 3161 941 3224 Fratrem
954 3158 1128 3222 Mineruae

323 3273 463 3355 Regula
489 3281 524 3338 et
550 3274 625 3339 vita
649 3274 810 3339 Fratrum
836 3273 1011 3338 Minornm
1034 3272 1109 3337 baec
1134 3280 1200 3351 est,
1225 3270 1370 3348 scilicet,

273 3377 282 3407 ‘
298 3371 438 3436 Domini
454 3372 563 3437 nostri
579 3372 602 3436 J
605 3392 665 3437 esu
683 3373 814 3438 Christi
836 3382 994 3438 sanctum
1019 3372 1235 3453 evangelium
1255 3373 1373 3435 obser-

274 3489 367 3546 vare,
393 3472 540 3535 vivendo
565 3473 599 3535 in
627 3473 835 3549 obedientia,
859 3473 934 3536 sine
959 3472 1110 3554 proprio,
1134 3473 1169 3534 in
1195 3471 1367 3552 castitate.

275 3569 400 3631 Frater
420 3569 626 3632 Franciscus
647 3572 820 3650 promittit
838 3571 1066 3635 obedientiam
1093 3577 1129 3633 et
1144 3570 1372 3634 reverentiam

273 3666 411 3729 domino
435 3685 537 3748 papae
555 3666 602 3730 N.
621 3685 662 3730 ac
685 3670 940 3733 successoribus
964 3669 1039 3752 ejus
1059 3669 1222 3732 canonice
1239 3669 1373 3731 intran-

273 3765 366 3827 tibus
397 3772 432 3828 et
457 3765 610 3828 ecclesiae
638 3764 819 3830 Romanae.
872 3766 920 3829 Et
946 3767 1005 3830 alii
1033 3767 1157 3830 iratres
1187 3773 1372 3831 teneantur

272 3863 372 3926 fratri
389 3863 576 3927 Francisco
592 3871 628 3928 et
642 3864 717 3948 ejus
734 3866 990 3929 successoribus
1007 3865 1155 3929 obedire.

401 4011 551 4090 Quomodo
556 4012 681 4096 fratres
695 4012 730 4076 ia
746 4012 826 4076 hanc
840 4012 978 4076 ordinem
992 4011 1090 4096 recipi
1105 4008 1239 4074 debeam.

324 4125 383 4189 ‘Si
407 4127 467 4207 qui
486 4126 659 4192 voluerint
679 4127 766 4192 hanc
780 4128 889 4192 vitam
905 4127 1072 4207 accipere,
1096 4132 1132 4189 et
1149 4126 1303 4191 venerint
1326 4125 1371 4188 ad

274 4225 398 4289 fratres
424 4233 573 4304 nostroS,
599 4228 738 4291 mittant
764 4246 824 4291 eos
851 4226 894 4290 ad
924 4245 1006 4289 suos
1031 4224 1206 4288 ministros
1231 4224 1373 4307 provin·
