3150 4992
620 463 819 511 uncmouns
842 463 976 512 vnmm
1126 501 1129 506 .
1281 448 1346 512 197

249 589 305 625 Ple.
329 589 383 626 uu.

239 653 315 728 349,
335 651 389 728 19,
409 656 419 684 ‘
437 651 591 714 Dominus
641 650 839 713 ‘Dominus
858 650 965 727 dedit,
983 650 1153 728 Dominus
1176 651 1340 730 abstulit3

402 750 497 828 dedit,
526 752 591 814 Do-
660 746 742 811 forti
770 750 887 812 animo
921 749 995 813 haec
1026 758 1108 813 sunt
1139 749 1340 815 toleranda'

402 851 505 913 minus
524 849 590 914 abs·
662 847 708 911 Et
734 867 813 911 cum
837 849 927 912 inter
952 856 1079 913 caetera
1099 849 1343 914 abominabilia

404 949 508 1027 tulit*
528 959 556 1014 et
658 965 680 1009 a
701 967 783 1028 rege
809 956 1009 1030 perpetrata
1034 955 1069 1013 et
1090 949 1163 1011 suis
1187 949 1339 1030 spurcis·

404 1057 512 1112 catam
530 1095 539 1112 .
557 1095 564 1113 .
582 1095 589 1110 .
662 1046 757 1110 simis
773 1047 1009 1129 complicibus,
1031 1047 1215 1112 audierunt
1238 1049 1341 1113 etiam

404 1158 589 1235 quartoue
662 1165 789 1209 uxores
815 1154 850 1210 et
877 1146 968 1212 filias
995 1166 1077 1211 suas
1106 1146 1254 1211 ludibrio
1281 1167 1342 1211 ex-

402 1248 590 1313 aasDoeem-
662 1247 807 1326 positas,
857 1245 1120 1328 ingemiscentes
1169 1246 1342 1325 dicebant,

408 1345 472 1410 brie
662 1344 775 1408 ‘Haec
800 1345 883 1408 facit
913 1344 1109 1409 carissimus
1137 1345 1174 1408 in
1201 1344 1342 1410 Christo

660 1444 752 1507 filius
772 1463 886 1527 papae,
904 1443 963 1526 qui
977 1463 1077 1507 suum
1089 1444 1259 1509 vasallum
1270 1453 1341 1509 tam

660 1543 805 1606 liberum
828 1551 863 1607 et
888 1543 1002 1606 nobile
1020 1563 1162 1625 regnum
1185 1543 1342 1608 inaudita

665 1643 819 1706 novitate
829 1641 1071 1725 subjugantem
1081 1650 1209 1707 tuetur.
1249 1643 1343 1708 Proh

663 1740 781 1805 dolor!
834 1741 904 1818 Qui
944 1741 1072 1821 mederi
1107 1743 1235 1806 mundo
1268 1743 1344 1807 lan·
1434 1823 1439 1828 1

663 1841 784 1922 guenti
802 1841 953 1917 deberet,
971 1860 1139 1904 venenum
1162 1842 1343 1906 manifeste

662 1941 699 2002 in
730 1941 1001 2021 congregatione
1026 1959 1228 2023 pauperum,
1255 1962 1343 2023 quos

663 2039 827 2102 debemus
843 2038 1024 2102 ecclesiam
1041 2039 1228 2121 appellare,
1240 2040 1343 2104 effun-

663 2139 725 2214 dit.
769 2132 921 2202 ‘Tanto¹
937 2139 1156 2220 conspectius
1172 2140 1208 2203 in
1224 2159 1262 2202 se
1277 2142 1344 2204 cri-

664 2257 742 2300 men
757 2236 874 2312 habet,
888 2244 1020 2320 quanto
1036 2237 1094 2320 qui
1110 2237 1221 2321 major
1242 2238 1343 2303 habe·

664 2336 743 2399 tur!
789 2335 858 2398 His
884 2343 918 2401 et
942 2336 1019 2399 aliis
1045 2337 1159 2400 verbis
1178 2338 1342 2403 lamenta·

664 2435 791 2498 bilibus
825 2444 993 2517 ponentes
1023 2455 1062 2500 os
1093 2456 1192 2500 suum
1221 2438 1343 2503 illicito

664 2536 765 2599 modo
776 2536 1086 2618 conquerebantur.
1120 2536 1251 2601 Eodem
1261 2545 1346 2602 tem-

665 2654 748 2716 pore
783 2635 964 2698 Falcasius
996 2636 1088 2717 oepit
1121 2637 1344 2718 municipium

665 2732 832 2798 Willelmi
853 2734 1002 2798 Maudut
1026 2735 1069 2798 de
1091 2735 1297 2820 Hamslape,
1310 2743 1345 2800 et

665 2834 853 2916 prostravit
870 2842 994 2915 quarto
1016 2835 1177 2899 calendas
1199 2835 1362 2899 Decem.

666 2933 748 2995 bris.
801 2933 931 2996 Eodem
946 2933 1001 2995 die
1017 2940 1120 3017 capta
1136 2935 1345 3000 estmunitio

664 3031 708 3094 de
730 3030 940 3112 Tuneburge
966 3031 1102 3095 comitis
1128 3032 1172 3096 de
1198 3033 1300 3097 Clare
1324 3054 1346 3096 a

667 3129 888 3193 Roffensibus
909 3130 1118 3194 castellanis.
1171 3130 1240 3194 Per
1255 3133 1344 3194 idem

667 3235 803 3310 tempus
828 3229 1006 3292 Falcasius
1028 3229 1073 3292 ad
1096 3230 1277 3293 castellum
1302 3231 1346 3294 de

668 3327 838 3391 Bedeford
856 3328 997 3392 veniens
1012 3346 1034 3390 a
1049 3327 1248 3392 custodibus
1261 3328 1345 3392 illud

666 3427 797 3508 exegit,
813 3425 873 3508 qui
895 3426 1034 3489 tandem
1058 3434 1188 3508 septem
1213 3428 1345 3492 dierum

667 3525 819 3607 acceptis
833 3525 990 3602 induciis,
1008 3544 1084 3588 cum
1101 3526 1239 3591 domino
1257 3526 1346 3590 Wil-

668 3625 771 3688 lelmo
802 3624 845 3688 de
876 3623 1116 3706 Bello-campo
1149 3625 1239 3690 infra
1273 3626 1346 3690 dies

666 3731 873 3787 memoratos
908 3743 977 3787 non
1009 3724 1176 3789 haberent
1208 3744 1348 3789 succur-

667 3842 756 3897 sum,
779 3822 1001 3887 reddiderunt
1024 3824 1204 3887 castellum
1224 3825 1348 3889 Falce·

666 3921 718 3984 sio
734 3921 912 4002 praedicto,
934 3929 1058 4004 quarto
1076 3942 1185 3985 nonas
1206 3923 1347 3987 Decem-

665 4021 748 4084 bris,
802 4019 882 4084 Rex
902 4027 1017 4084 autem
1040 4021 1141 4084 nimis
1163 4030 1347 4104 acceptans

609 4239 725 4305 ¹Tunto.]
744 4243 864 4293 Juvenal.
876 4243 929 4291 viii.
943 4245 997 4291 140.
