3150 4992
598 458 800 506 uncrrorvns
823 461 962 508 vnnrn..
1259 447 1324 513 271

220 658 359 722 scopus.
391 641 530 704 -Facta
564 641 673 722 igitur
693 641 771 704 *rite
808 641 986 717 electione,
1025 653 1324 724 praesentaverunt

220 759 297 803 eum
322 738 396 820 regi
418 750 542 804 octavo
566 739 727 803 calendas
754 739 935 818 Octobris3
970 760 1070 822 quem
1099 761 1161 806 rex
1184 752 1325 825 gratan-

220 844 285 913 ter,
309 846 477 920 quantum
499 838 543 902 ad
569 840 837 921 sepertinehat,
866 847 1063 922 acceptans,
1093 840 1135 903 de
1161 845 1323 907 maneriis

219 945 255 1001 et
283 938 385 1002 rehus
412 938 490 1001 aliis
517 938 561 1001 ad
594 939 927 1020 archiepiscopatum
957 925 1194 1022 adjacentibus
1225 942 1322 1005 illum

218 1037 378 1118 protinus
414 1037 603 1101 investivit.
671 1037 718 1101 Et
749 1038 918 1100 monachi·
943 1036 1091 1101 Romam
1123 1040 1322 1121 profecturi,

219 1136 263 1199 ad
289 1136 435 1199 electum
464 1156 565 1200 suum
592 1139 781 1212 venientes,
806 1138 978 1218 petierunt
1001 1138 1044 1200 ab
1070 1139 1130 1201 illo
1154 1140 1322 1203 auxilium

220 1235 263 1298 ad
290 1254 461 1318 expensas
493 1235 626 1299 itineris
659 1243 695 1298 et
726 1235 906 1300 servitium
938 1237 1042 1300 curiae
1073 1237 1255 1316 Romanae,
1287 1248 1324 1304 et

219 1334 249 1396 si
277 1353 347 1416 qua
383 1343 466 1398 sunt
487 1334 625 1398 similia.
670 1333 738 1397 Sed
762 1334 833 1411 ille,
860 1335 1012 1399 sentiens
1037 1335 1073 1399 in
1098 1336 1213 1400 animo
1236 1337 1322 1401 illud

219 1453 289 1496 non
322 1435 461 1516 penitus
494 1453 611 1497 carere
645 1435 810 1516 scrupulo
843 1434 998 1498 simoniae
1033 1454 1074 1499 ac
1110 1437 1319 1514 ambitionis,

219 1532 321 1615 plane
360 1530 545 1596 affirmavit
580 1532 672 1614 quod
712 1541 854 1615 propter
890 1532 954 1596 hoc
992 1533 1041 1596 eis
1077 1554 1141 1598 nec
1180 1535 1319 1599 obolum

219 1651 325 1694 unum
362 1632 519 1707 donaret,
558 1651 681 1695 manus
718 1632 861 1696 tendens
895 1633 931 1720 in
966 1635 1088 1696 caelum
1124 1641 1159 1697 et
1192 1634 1318 1711 dicens,

218 1730 390 1794 ‘Domine
418 1731 514 1794 Deus
543 1731 773 1813 omnipotens
801 1733 830 1793 si
852 1731 1028 1794 vocandus
1051 1751 1139 1809 sum,
1163 1732 1244 1797 licet
1267 1735 1322 1796 in-

219 1828 357 1911 dignus,
391 1830 435 1893 ad
470 1829 775 1911 archipraesulatus
808 1828 968 1906 officium,
998 1831 1060 1895 fiat
1091 1831 1155 1894 hoc
1183 1840 1217 1896 te
1250 1831 1320 1897 dis·

219 1935 388 2011 ponente3
413 1928 442 1992 si
458 1937 573 1993 autem
594 1929 631 1991 in
653 1928 718 1992 hac
737 1928 968 1992 sollicitudine
990 1930 1217 2007 cancellariae,
1240 1951 1320 1995 nec·

219 2047 289 2090 non
305 2028 447 2091 minoris
462 2027 574 2104 oflicii,
590 2028 646 2091 cui
662 2027 833 2109 assigner,
847 2047 954 2109 regno
971 2036 1006 2092 et
1022 2028 1150 2110 populo
1166 2037 1226 2093 tuo
1244 2050 1320 2093 sum

218 2127 444 2204 necessarius,
456 2147 525 2190 non
541 2145 662 2190 recuso
677 2127 842 2203 laborem,
856 2127 918 2190 fiat
929 2126 1089 2191 voluntas
1105 2128 1187 2191 tua'
1239 2129 1320 2194 Mo-

218 2225 320 2289 nachi
337 2246 431 2303 vero,
444 2227 510 2290 viri
525 2226 757 2289 constantiam
778 2226 895 2307 potius
918 2245 1020 2308 quam
1044 2227 1263 2291 rebellionem
1282 2229 1319 2292 in

218 2324 284 2389 hoc
313 2326 418 2389 verbo
441 2332 641 2406 pensantes,
666 2344 736 2388 non
763 2325 842 2388 ideo
863 2325 978 2387 minus
1003 2325 1152 2388 Romam
1174 2327 1319 2408 profecti

218 2425 419 2489 electionem
445 2425 520 2488 sive
545 2423 813 2506 postulationem
836 2422 962 2487 factam
984 2425 1158 2505 petierunt
1182 2444 1203 2488 a
1227 2445 1319 2507 papa

218 2529 258 2586 ut
284 2523 490 2588 auctoritate
512 2542 578 2586 sua
602 2523 833 2586 confirmaret.
886 2523 1056 2586 Dominus
1077 2524 1194 2605 itaque
1215 2543 1319 2607 papa,

217 2622 323 2698 sacta,
349 2630 390 2686 ut
406 2622 543 2698 dicitur,
565 2641 586 2685 a
611 2623 779 2702 magistro
797 2621 936 2710 Simone
953 2621 994 2685 de
1013 2622 1222 2704 Langetuna
1239 2623 1317 2686 dili·

219 2722 315 2802 genti
341 2721 565 2804 inquisitione
582 2719 625 2784 de
639 2740 787 2802 persona
805 2721 985 2803 postulati,
1009 2722 1198 2803 respondit,
1220 2723 1317 2785 illum

217 2820 380 2884 curialem
406 2839 483 2883 esse
507 2827 543 2882 et
556 2819 770 2896 illiteratum,
791 2819 948 2902 rapidum
974 2821 1010 2883 in
1026 2821 1131 2884 verbo
1158 2839 1198 2885 ac
1220 2821 1316 2885 festi·

217 2938 312 2996 num,
339 2927 386 2995 et,
409 2919 502 3000 quod
529 2918 649 2982 durius
676 2926 741 2995 est,
766 2919 796 2981 si
822 2918 866 2982 ad
887 2919 983 2982 illam
1008 2919 1212 3000 dignitatem
1240 2940 1317 3002 pro-

217 3025 424 3094 moveretur,
442 3017 554 3081 moliri
576 3017 761 3092 volentem,
786 3023 837 3093 ut,
864 3017 1047 3081 anhelante
1073 3018 1117 3080 ad
1143 3008 1208 3081 hoc
1235 3037 1317 3100 rege

217 3137 295 3181 cum
312 3123 387 3181 toto
404 3136 511 3198 reguo
524 3116 683 3199 juvante,
702 3121 882 3178 excuteret
898 3115 1062 3197 Angliam
1081 3116 1123 3179 de
1147 3118 1211 3180 suh
1227 3117 1316 3199 jugo

217 3216 345 3280 domini
369 3234 469 3298 papae
494 3222 529 3278 et
546 3215 651 3278 curiae
668 3214 848 3290 Romanae,
873 3215 932 3296 qui
956 3214 1064 3277 eidem
1091 3201 1229 3279 tenetur
1253 3217 1317 3278 suh

215 3315 358 3390 tributo,
380 3321 420 3378 ut
443 3314 558 3377 soluto
574 3314 711 3377 vinculo
735 3311 869 3389 tributi,
890 3333 958 3394 quo
984 3313 1133 3377 irretivit
1152 3333 1227 3378 eam
1253 3334 1315 3378 rex

216 3412 239 3476 J
242 3413 408 3490 ohannes,
422 3413 526 3477 solita
539 3412 616 3475 Deo
630 3418 665 3475 et
674 3411 827 3476 ecclesiae
844 3418 975 3475 sanctae
991 3412 1136 3498 serviret
1145 3403 1316 3477 libertate.

217 3512 263 3576 Et
288 3512 332 3575 ad
358 3511 423 3575 hoc
439 3512 545 3576 vellet
563 3529 673 3592 usque
697 3510 949 3592 expositionem
976 3511 1100 3593 capitis
1125 3511 1313 3589 decertare,

214 3612 357 3675 innixus
381 3611 453 3693 juri
481 3616 517 3675 et
539 3610 828 3691 appellationibus
852 3609 1030 3690 Stephani,
1055 3601 1338 3675 Cantuariensis·

215 3710 476 3793 archiepiscopi,
493 3728 581 3790 quas
599 3708 679 3772 lecit
696 3709 895 3772 solemniter
914 3709 1003 3808 iglem
1021 3709 1217 3793 Stephanus
1235 3717 1316 3774 ante

215 3808 325 3873 altare
336 3809 448 3872 sancti
464 3808 567 3871 Pauli
580 3809 617 3871 in
630 3808 776 3871 ecclesia
794 3807 983 3872 cathedrali
998 3807 1221 3885 Londinensi,
1236 3829 1314 3873 cum

214 3907 374 3971 redderet
395 3926 559 3976 coronam
588 3905 727 3988 Angliae
755 3913 963 3970 memoratus
987 3927 1050 3970 rex
1075 3906 1099 3970 J
1101 3906 1253 3971 ohannes
1279 3908 1315 3971 in

215 4025 338 4070 manus
363 4006 481 4087 legati,
515 4005 701 4069 conficiens
738 4006 903 4087 scriptu-m
932 4006 997 4069 toti
1026 4006 1153 4069 mundo
1178 4026 1318 4070 execra-

215 4106 293 4170 bile.
334 4104 434 4187 Papa
461 4111 576 4168 autem
602 4104 656 4168 his
680 4104 809 4168 auditis
833 4105 1058 4180 sermonibus,
1083 4105 1317 4187 postulatione

215 4211 364 4279 cassata,
405 4204 576 4267 concessit
610 4211 650 4266 ut
690 4210 880 4279 conventus
899 4201 1176 4266 ·Cantuariensis
1212 4204 1316 4267 alium
