3150 4992
600 447 800 496 nncrronns
828 447 961 496 viare.
1267 429 1334 494 267

243 645 246 650 ·
275 632 337 696 fiat
366 629 589 694 exactoribus
620 647 796 710 nunquam
825 626 1005 692 fructuosa
1019 627 1039 692 l'
1091 603 1196 706 Quod
1226 597 1333 711 juxta

275 737 361 796 vota
377 729 497 812 populi
514 727 652 803 accidit,
669 728 753 810 quia

438 867 525 925 ‘Non
538 867 639 926 habet¹
654 876 773 924 eventus
787 865 901 924 sordida
914 865 1009 944 praeda
1022 863 1130 924 bonos!

280 1004 336 1069 Ex
353 1013 395 1067 co
412 1011 528 1067 autem
549 983 703 1083 tempore
729 1021 800 1066 non
826 1002 1010 1066 defuerunt
1032 1003 1069 1065 in
1094 1008 1187 1067 terra
1209 1001 1334 1084 Angli·

280 1122 368 1168 cana
393 1102 532 1185 qnidam
556 1101 822 1178 transmontani,
848 1101 906 1183 qui
933 1121 971 1164 se
994 1109 1203 1165 mercatores
1225 1100 1333 1165 nomi-

281 1209 378 1278 nant,
407 1201 556 1264 usurarii
585 1199 799 1283 impiissimi;
834 1201 894 1281 qui
924 1199 1008 1264 nihil
1040 1199 1132 1263 aliud
1161 1207 1334 1283 quaerunt,

282 1301 348 1364 nisi
377 1301 414 1364 in
440 1289 575 1382 laqueis
604 1299 688 1377 suis,
721 1299 897 1381 praecipue
931 1318 1018 1381 quos
1048 1299 1210 1363 Romana
1238 1300 1335 1363 curia

281 1400 453 1481 angariat,
468 1400 668 1481 illaqueare.
722 1398 768 1462 Et
789 1399 840 1462 sic
858 1399 1002 1462 abrasor
1018 1399 1241 1480 pecuniarum
1258 1417 1333 1462 ma·

282 1501 391 1580 gistcr
423 1498 634 1582 Stephanus,
664 1498 793 1563 domini
824 1517 926 1580 papae
960 1497 1172 1580 capellanus,
1209 1496 1335 1580 Anglis

231 1672 234 1676 ¹
282 1597 377 1662 foeda
391 1599 531 1682 reliquit
543 1598 703 1680 vestigia.

242 1738 300 1774 ΡΑΟ.
329 1737 383 1773 ult.

234 1802 311 1876 203,
350 1797 584 1875 toamna-
634 1797 737 1862 Solus
764 1805 880 1861 autem
907 1816 1021 1862 comes
1045 1795 1240 1861 Cestrensis
1263 1797 1338 1860 Ra-

399 1897 534 1982 aoholos
657 1897 807 1979 nulphus
824 1898 922 1960 stetit
936 1896 1093 1960 viriliter.

231 2063 283 2075 -
328 2021 380 2097 26,
392 2017 586 2086 daventrensi
634 2018 727 2083 addit
744 2019 870 2096 Paris,
889 2020 949 2101 qui
973 2015 1059 2082 satis
1074 2019 1166 2083 felici
1182 2019 1336 2102 auspicio

658 2117 804 2182 officium
827 2119 981 2200 suscepit
1000 2119 1209 2201 episcopale,
1235 2125 1271 2183 et
1284 2119 1337 2183 fa-

658 2217 788 2281 bricam
814 2237 914 2281 novae
934 2217 1101 2294 ecclesiae,
1118 2237 1222 2299 quam
1249 2238 1338 2301 prae-

658 2316 820 2380 decessor
834 2335 919 2380 suus
942 2316 1138 2380 Richardus
1159 2317 1339 2381 transtulit

658 2422 692 2479 et
709 2434 797 2478 ausu
824 2435 894 2480 non
916 2415 1126 2497 pusillanimi
1151 2415 1340 2494 inchoavit,

657 2503 804 2578 'viriliter
843 2521 896 2578 est
936 2521 1151 2596 prosecutus,
1192 2515 1340 2599 juvante

658 2613 748 2690 Deo,
771 2633 865 2694 rege,
887 2620 923 2677 et
943 2614 1083 2696 populo.
1137 2613 1239 2678 Unde
1263 2615 1340 2696 qui·

658 2712 737 2776 dam
753 2713 969 2777 versificator
983 2714 1033 2778 ait
1049 2714 1134 2778 satis
1149 2714 1338 2796 eleganter,

677 2862 761 2919 ‘Rex
781 2862 902 2938 largitur
922 2881 999 2940 opes,
1019 2862 1077 2920 fert
1095 2863 1200 2941 praesul
1220 2882 1312 2941 opem,
1344 2917 1349 2924 .

756 2957 885 3034 lapicidae

698 3055 779 3112 Dant
801 3049 934 3132 operam;
954 3054 1045 3112 tribus
1065 3054 1111 3111 his
1133 3062 1177 3112 est
1200 3073 1271 3132 opus
1294 3063 1327 3112 ut

758 3143 814 3191 stet
828 3135 918 3211 opus!

237 3287 380 3363 204,16‚
398 3282 495 3346 Joatt
637 3277 729 3369 addit
745 3277 871 3354 Paris„
887 3277 1017 3340 Eodem
1033 3277 1226 3364 anno'obiit
1242 3277 1340 3341 Mar-

660 3378 753 3441 tinus
777 3378 820 3441 de
844 3376 1058 3453 Pateshulle,
1076 3376 1226 3440 decanus
1250 3377 1340 3442 Lon·

660 3477 824 3553 dinensis‚
851 3476 984 3540 decimo
1012 3484 1137 3541 octavo
1172 3473 1340 3539 kalendas

662 3576 876 3652 Decembris
895 3576 950 3639 vir
973 3576 1069 3640 mirae
1091 3575 1284 3659 prudentiae
1306 3581 1342 3638 et

660 3677 776 3758 legum
795 3683 896 3740 terrae
915 3675 1059 3757 peritus.

232 3809 312 3880 205,
352 3807 382 3882 2,
399 3801 562 3887 refundere
639 3799 779 3864 refudit.

406 3902 530 3966 curauit

237 4071 288 4082 -
355 4029 389 4101 4,
404 4023 592 4110 maceravit
640 4024 729 4087 sicut
746 4023 844 4107 prius
860 4022 1070 4105 procuravit.

538 4222 546 4252 ¹
557 4226 614 4273 Nos
626 4225 719 4288 hahet]
736 4223 815 4274 Ovid.
826 4224 914 4273 Amor.
927 4235 946 4271 1.
958 4237 984 4271 x.
996 4225 1040 4271 48.
