3150 4992
247 446 313 512 246
619 463 817 513 anemonas
841 464 973 514 vaura.

251 644 375 708 fratres
407 651 448 708 ut
477 651 675 708 recurratur
705 643 748 707 ad
777 644 874 708 ¹solos
902 641 1080 708 ministros
1109 639 1353 724 provinciales,

251 751 437 808 teneantur
457 744 614 827 praedicti
635 743 760 807 fratres
781 743 826 806 ad
853 761 912 808 eos
940 759 1116 806 recurrere
1146 740 1354 823 quamcitius

253 843 416 925 poterint,
447 844 521 907 sine
551 862 660 907 mora.
712 841 787 925 Ipsi
813 862 896 906 vero
923 840 1083 918 ministri,
1105 840 1136 904 si
1159 839 1353 923 presbyteri

255 950 349 1018 sunt,
368 961 446 1005 cum
467 941 700 1006 misericordia
720 941 905 1025 injungant
928 940 1190 1023 poenitentiam3
1217 938 1246 1002 si
1268 958 1352 1003 vero

252 1041 444 1126 presbyteri
459 1062 529 1106 non
544 1048 638 1118 sunt,
654 1040 789 1124 injungi
811 1041 941 1104 faciant
961 1059 1024 1122 per
1045 1040 1132 1103 alios
1154 1037 1354 1102 sacerdotes

253 1139 356 1224 hujus
386 1141 529 1218 ordinis,
562 1141 653 1204 sicut
679 1141 728 1204 eis
752 1127 941 1204 secundum
966 1140 1079 1203 Deum
1108 1138 1231 1202 melius
1258 1137 1351 1202 uide-

253 1241 348 1303 bitur
364 1241 538 1323 expedire.
590 1240 773 1304 Etcavere
793 1239 976 1304 debentne
998 1239 1193 1303 irascantur
1213 1244 1250 1301 et
1272 1255 1354 1300 con·
1469 1325 1474 1334 Ι

255 1341 436 1403 turbentur
451 1347 593 1422 propter
609 1347 788 1421 peccatum
806 1338 965 1422 alicujus,
980 1338 1142 1421 quoniam
1156 1337 1209 1401 ira
1226 1343 1352 1400 etcou-

255 1440 407 1503 turbatio
424 1440 460 1504 in
476 1459 516 1503 se
531 1446 567 1503 et
583 1438 620 1501 in
633 1438 711 1502 aliis
726 1438 920 1520 impediunt
934 1439 1125 1502 caritatem.

337 1602 387 1666 Do
402 1601 541 1666 eketioee
549 1601 702 1688 perterrebit
717 1601 866 1680 ministri,
882 1611 910 1666 et
926 1601 1062 1687 capitale
1076 1601 1271 1665 Pentecostes,

305 1734 490 1798 ‘Universi
513 1734 637 1799 fratres
663 1754 769 1798 unum
796 1736 838 1799 de
863 1735 1029 1799 fratribus
1052 1734 1153 1808 istius
1176 1733 1353 1814 religionis

255 1841 438 1898 teneantur
454 1853 589 1916 semper
602 1834 729 1898 babere
745 1834 941 1916 generalem
957 1833 1151 1896 ministrnm
1166 1839 1200 1895 et
1214 1851 1352 1896 servum

254 1934 362 1997 totius
379 1931 618 2010 fraternitatis,
636 1941 670 1998 et
685 1935 717 1997 ei
735 1940 918 1996 teneantur
930 1932 1073 1995 firmiter
1086 1931 1233 1994 obedire.
1271 1929 1352 2009 Quo

253 2031 451 2108 decedente,
476 2033 598 2097 electio
622 2033 830 2097 successoris
856 2032 919 2096 fiat
945 2050 968 2094 a
994 2030 1161 2096 ministris
1181 2030 1354 2111 provinci-

252 2132 364 2195 alibus
381 2139 417 2195 et
433 2132 632 2197 custodibus
649 2133 685 2195 in
700 2132 853 2214 capitulo
869 2131 1104 2207 Pentecostes,
1127 2131 1163 2193 in
1185 2149 1253 2212 quo
1273 2149 1352 2211 pro·

252 2232 417 2295 vinciales
446 2232 593 2296 ministri
620 2238 804 2296 teneantur
832 2249 968 2313 semper
991 2230 1131 2294 insimul
1158 2229 1352 2306 convenire,

251 2331 446 2413 ubicunqne
463 2351 485 2395 a
501 2331 655 2413 generali
668 2331 826 2396 ministro
843 2330 946 2394 fuerit
963 2330 1208 2407 constitutum
1235 2336 1271 2391 et
1285 2327 1352 2392 boc

251 2431 358 2493 semel
379 2432 415 2494 in
441 2432 552 2494 tribus
576 2431 688 2507 anuis,
710 2431 766 2494 vel
792 2429 961 2494 edulium
984 2429 1166 2495 terminum
1185 2427 1353 2510 majorem

252 2529 308 2592 vel
335 2530 513 2605 minorem,
543 2530 634 2593 sicut
666 2549 688 2593 a
709 2529 875 2611 praedicto
903 2528 1062 2591 ministro
1089 2527 1193 2591 fuerit
1222 2527 1352 2590 consti·

252 2634 363 2691 tutum
393 2632 429 2691 et
458 2627 664 2692 ordinatum.
717 2627 764 2693 Et
794 2628 824 2691 si
851 2627 968 2710 aliquo
999 2634 1153 2709 tempore
1183 2633 1353 2708 appareat

251 2726 470 2790 universitati
487 2726 720 2790 ministrorum
736 2726 998 2808 provincialium
1017 2734 1053 2790 et
1067 2725 1247 2790 custodum
1264 2744 1351 2808 prae-

251 2824 381 2887 dictum
398 2825 591 2888 ministrum
609 2846 678 2890 non
701 2845 776 2890 esse
801 2825 1025 2890 sufficientem
1051 2825 1095 2890 ad
1115 2825 1293 2890 servitium
1316 2831 1353 2888 et

249 2942 461 2987 communem
477 2924 662 2989 utilitatem
678 2924 836 3001 fratrum,
849 2932 1032 2992 teneantur
1048 2924 1204 3007 praedicti
1214 2925 1352 3000 fratres,

249 3023 374 3104 quibus
399 3023 521 3087 electio
546 3023 630 3087 data
664 3033 729 3102 est,
756 3025 793 3088 in
822 3025 957 3088 nomine
984 3023 1126 3088 Domini
1152 3023 1257 3086 alium
1285 3023 1352 3086 sibi

249 3122 376 3202 eligere
402 3123 437 3185 in
460 3122 647 3186 custodem.
702 3122 790 3187 Post
812 3123 1001 3206 capitulum
1025 3142 1108 3187 vern
1125 3122 1351 3186 Pentecostes

248 3221 395 3285 ministri
415 3229 550 3285 tantum
577 3230 614 3286 et
634 3222 795 3286 custodes
811 3223 946 3305 possint
961 3221 1100 3303 singuli,
1115 3222 1145 3286 si
1162 3220 1348 3296 voluerint,

247 3327 283 3382 et
299 3327 339 3383 ut
353 3320 403 3384 eis
418 3320 581 3403 expedire
596 3321 780 3398 videbitur,
804 3321 922 3385 eodem
939 3339 1030 3384 anno
1046 3321 1081 3384 in
1097 3323 1169 3384 suis
1184 3319 1351 3384 custodiis

247 3419 354 3482 semel
368 3419 495 3483 fratres
508 3439 590 3483 snos
608 3420 652 3484 ad
670 3421 861 3503 capitulum
876 3437 1079 3484 convocare.

328 3580 427 3645 Nulli
434 3584 584 3666 fraterna
591 3583 769 3667 praedicare
786 3583 1089 3648 lineamentarem
1106 3582 1280 3653 diaecesani.

298 3713 461 3776 ‘Fratres
489 3732 558 3776 non
589 3714 778 3796 praedicent
807 3717 843 3778 in
871 3715 1072 3798 episcopatu
1103 3714 1251 3797 alicujus
1279 3716 1353 3797 epi·

247 3813 344 3894 scopi
373 3831 449 3874 cum
477 3813 603 3876 abillo
626 3813 693 3876 illis
717 3814 821 3878 fuerit
845 3812 1107 3879 contradictum.
1160 3813 1207 3876 Et
1232 3814 1348 3877 nullus

246 3913 390 3975 fratrum
409 3912 538 3995 populo
552 3913 689 3994 penitus
707 3915 834 3977 audeat
851 3912 1050 3995 praedicare,
1069 3911 1135 3974 nisi
1152 3932 1174 3976 a
1190 3913 1347 3976 ministro

245 4011 398 4093 generali
421 4011 525 4093 hujus
552 4011 779 4075 fraternitatis
801 4011 904 4075 fuerit
927 4013 1146 4075 examinatus
1169 4018 1204 4074 et
1221 4030 1348 4093 appro-

243 4112 359 4185 batus,
383 4117 418 4172 et
444 4112 488 4174 ab
513 4130 555 4174 eo
581 4111 645 4174 sibi
676 4109 823 4174 officinm
851 4110 1108 4192 praedicationis
1135 4098 1346 4175 concessum.

241 4209 375 4274 Moneo
405 4228 542 4291 quoque
567 4218 602 4273 et
626 4209 794 4272 exhortor
815 4207 950 4273 eosdem
977 4208 1113 4285 fratres,
1130 4217 1169 4272 ut
1193 4209 1228 4272 in
1259 4228 1348 4291 prae·
