<?xml version="1.0" encoding="UTF-8"?>
<!DOCTYPE html PUBLIC "-//W3C//DTD XHTML 1.0 Transitional//EN"
    "http://www.w3.org/TR/xhtml1/DTD/xhtml1-transitional.dtd">
<html xmlns="http://www.w3.org/1999/xhtml" xml:lang="en" lang="en">
 <head>
  <title>
</title>
<meta http-equiv="Content-Type" content="text/html;charset=utf-8" />
  <meta name='ocr-system' content='tesseract 3.04.00' />
  <meta name='ocr-capabilities' content='ocr_page ocr_carea ocr_par ocr_line ocrx_word'/>
</head>
<body>
  <div class='ocr_page' id='page_1' title='image "appendixadroger00parigoog_0203.png"; bbox 0 0 3150 4992; ppageno 0'>
   <div class='ocr_carea' id='block_1_1' title="bbox 251 445 979 512">
    <p class='ocr_par' dir='ltr' id='par_1_1' title="bbox 251 445 979 512">
     <span class='ocr_line' id='line_1_1' title="bbox 251 445 979 512; baseline 0 -1"><span class='ocrx_word' id='word_1_1' title='bbox 251 445 316 512; x_wconf 77' lang='lat'><strong>182</strong></span> <span class='ocrx_word' id='word_1_2' title='bbox 623 462 823 512; x_wconf 81' lang='lat' dir='ltr'><strong>urcrronas</strong></span> <span class='ocrx_word' id='word_1_3' title='bbox 846 463 979 512; x_wconf 74' lang='lat' dir='ltr'><strong>vnum.</strong></span> 
     </span>
    </p>
   </div>
   <div class='ocr_carea' id='block_1_2' title="bbox 262 589 394 627">
    <p class='ocr_par' dir='ltr' id='par_1_2' title="bbox 262 589 394 627">
     <span class='ocr_line' id='line_1_2' title="bbox 262 589 394 627; baseline 0.015 -3"><span class='ocrx_word' id='word_1_4' title='bbox 262 590 318 627; x_wconf 72' lang='lat' dir='ltr'><strong>PAO.</strong></span> <span class='ocrx_word' id='word_1_5' title='bbox 343 589 394 626; x_wconf 74' lang='lat' dir='ltr'><strong>HN.</strong></span> 
     </span>
    </p>
   </div>
   <div class='ocr_carea' id='block_1_3' title="bbox 252 649 1062 851">
    <p class='ocr_par' dir='ltr' id='par_1_3' title="bbox 252 649 1062 851">
     <span class='ocr_line' id='line_1_3' title="bbox 254 649 1062 736; baseline -0.004 -20"><span class='ocrx_word' id='word_1_6' title='bbox 254 654 327 729; x_wconf 89' lang='lat'><strong>309,</strong></span> <span class='ocrx_word' id='word_1_7' title='bbox 366 654 397 727; x_wconf 92' lang='grc'><strong>1,</strong></span> <span class='ocrx_word' id='word_1_8' title='bbox 412 649 569 736; x_wconf 68' lang='lat' dir='ltr'><strong>utluyetur</strong></span> <span class='ocrx_word' id='word_1_9' title='bbox 653 650 832 732; x_wconf 81' lang='lat' dir='ltr'><strong>utlagetur</strong></span> <span class='ocrx_word' id='word_1_10' title='bbox 849 657 911 714; x_wconf 91' lang='lat' dir='ltr'><strong>aut</strong></span> <span class='ocrx_word' id='word_1_11' title='bbox 928 650 1062 714; x_wconf 83' lang='lat' dir='ltr'><strong>exalet.</strong></span> 
     </span>
     <span class='ocr_line' id='line_1_4' title="bbox 252 774 875 851; baseline -0.002 -12"><span class='ocrx_word' id='word_1_12' title='bbox 252 811 304 822; x_wconf 94' lang='grc'>-</span> <span class='ocrx_word' id='word_1_13' title='bbox 370 777 402 851; x_wconf 79' lang='lat'><strong>2,</strong></span> <span class='ocrx_word' id='word_1_14' title='bbox 421 774 601 839; x_wconf 66' lang='lat' dir='ltr'><strong>domenatur·</strong></span> <span class='ocrx_word' id='word_1_15' title='bbox 652 775 875 839; x_wconf 85' lang='lat' dir='ltr'><strong>destituatur.</strong></span> 
     </span>
    </p>
   </div>
   <div class='ocr_carea' id='block_1_4' title="bbox 254 898 1359 1981">
    <p class='ocr_par' dir='ltr' id='par_1_4' title="bbox 254 898 1359 1981">
     <span class='ocr_line' id='line_1_5' title="bbox 254 898 1357 981; baseline 0 -18"><span class='ocrx_word' id='word_1_16' title='bbox 254 937 305 947; x_wconf 92' lang='lat'>-</span> <span class='ocrx_word' id='word_1_17' title='bbox 350 901 404 976; x_wconf 87' lang='grc'><strong>19,</strong></span> <span class='ocrx_word' id='word_1_18' title='bbox 420 909 506 964; x_wconf 78' lang='lat' dir='ltr'><strong>terre</strong></span> <span class='ocrx_word' id='word_1_19' title='bbox 522 920 591 964; x_wconf 80' lang='lat' dir='ltr'><strong>nos·</strong></span> <span class='ocrx_word' id='word_1_20' title='bbox 652 900 744 965; x_wconf 79' lang='lat' dir='ltr'><strong>addit</strong></span> <span class='ocrx_word' id='word_1_21' title='bbox 775 900 898 975; x_wconf 84' lang='lat' dir='ltr'><strong>Paris,</strong></span> <span class='ocrx_word' id='word_1_22' title='bbox 933 898 1054 963; x_wconf 86' lang='lat' dir='ltr'>Liceat</span> <span class='ocrx_word' id='word_1_23' title='bbox 1087 899 1272 981; x_wconf 87' lang='lat' dir='ltr'><strong>unicuique</strong></span> <span class='ocrx_word' id='word_1_24' title='bbox 1314 899 1357 963; x_wconf 91' lang='lat' dir='ltr'><strong>de</strong></span> 
     </span>
     <span class='ocr_line' id='line_1_6' title="bbox 421 998 1358 1080; baseline -0.001 -17"><span class='ocrx_word' id='word_1_25' title='bbox 421 1008 473 1063; x_wconf 77' lang='lat' dir='ltr'><strong>tro</strong></span> <span class='ocrx_word' id='word_1_26' title='bbox 506 1011 507 1016; x_wconf 76' lang='grc'>’</span> <span class='ocrx_word' id='word_1_27' title='bbox 676 1009 803 1065; x_wconf 86' lang='lat' dir='ltr'><strong>caetero</strong></span> <span class='ocrx_word' id='word_1_28' title='bbox 833 998 929 1064; x_wconf 84' lang='lat' dir='ltr'><strong>exire</strong></span> <span class='ocrx_word' id='word_1_29' title='bbox 957 999 1000 1062; x_wconf 88' lang='lat' dir='ltr'><strong>de</strong></span> <span class='ocrx_word' id='word_1_30' title='bbox 1032 1019 1139 1080; x_wconf 85' lang='lat' dir='ltr'><strong>regno</strong></span> <span class='ocrx_word' id='word_1_31' title='bbox 1168 1006 1288 1063; x_wconf 88' lang='lat' dir='ltr'><strong>nostro</strong></span> <span class='ocrx_word' id='word_1_32' title='bbox 1322 1008 1358 1062; x_wconf 90' lang='lat' dir='ltr'><strong>et</strong></span> 
     </span>
     <span class='ocr_line' id='line_1_7' title="bbox 677 1099 1356 1181; baseline -0.003 -19"><span class='ocrx_word' id='word_1_33' title='bbox 677 1101 787 1164; x_wconf 89' lang='lat' dir='ltr'><strong>redire</strong></span> <span class='ocrx_word' id='word_1_34' title='bbox 812 1099 911 1163; x_wconf 90' lang='lat' dir='ltr'><strong>salvo</strong></span> <span class='ocrx_word' id='word_1_35' title='bbox 939 1106 974 1163; x_wconf 88' lang='lat' dir='ltr'><strong>et</strong></span> <span class='ocrx_word' id='word_1_36' title='bbox 1001 1118 1121 1162; x_wconf 87' lang='lat' dir='ltr'><strong>secure</strong></span> <span class='ocrx_word' id='word_1_37' title='bbox 1142 1117 1206 1181; x_wconf 89' lang='lat' dir='ltr'><strong>per</strong></span> <span class='ocrx_word' id='word_1_38' title='bbox 1230 1106 1356 1163; x_wconf 87' lang='lat' dir='ltr'><strong>terram</strong></span> 
     </span>
     <span class='ocr_line' id='line_1_8' title="bbox 677 1198 1358 1282; baseline -0.006 -18"><span class='ocrx_word' id='word_1_39' title='bbox 677 1208 712 1264; x_wconf 88' lang='lat' dir='ltr'><strong>ct</strong></span> <span class='ocrx_word' id='word_1_40' title='bbox 743 1220 805 1282; x_wconf 87' lang='lat' dir='ltr'><strong>per</strong></span> <span class='ocrx_word' id='word_1_41' title='bbox 834 1218 973 1282; x_wconf 87' lang='lat' dir='ltr'><strong>aquam,</strong></span> <span class='ocrx_word' id='word_1_42' title='bbox 1002 1199 1102 1262; x_wconf 85' lang='lat' dir='ltr'><strong>salva</strong></span> <span class='ocrx_word' id='word_1_43' title='bbox 1134 1198 1200 1262; x_wconf 88' lang='lat' dir='ltr'><strong>fide</strong></span> <span class='ocrx_word' id='word_1_44' title='bbox 1228 1207 1358 1275; x_wconf 85' lang='lat' dir='ltr'><strong>nostra,</strong></span> 
     </span>
     <span class='ocr_line' id='line_1_9' title="bbox 678 1297 1357 1381; baseline -0.001 -18"><span class='ocrx_word' id='word_1_45' title='bbox 678 1301 744 1363; x_wconf 89' lang='lat' dir='ltr'><strong>nisi</strong></span> <span class='ocrx_word' id='word_1_46' title='bbox 758 1301 795 1362; x_wconf 92' lang='lat' dir='ltr'><strong>in</strong></span> <span class='ocrx_word' id='word_1_47' title='bbox 818 1307 972 1381; x_wconf 86' lang='lat' dir='ltr'><strong>tempore</strong></span> <span class='ocrx_word' id='word_1_48' title='bbox 987 1316 1122 1380; x_wconf 83' lang='lat' dir='ltr'><strong>guerrae</strong></span> <span class='ocrx_word' id='word_1_49' title='bbox 1138 1318 1201 1381; x_wconf 87' lang='lat' dir='ltr'><strong>per</strong></span> <span class='ocrx_word' id='word_1_50' title='bbox 1217 1297 1357 1380; x_wconf 85' lang='lat' dir='ltr'>aliquod</span> 
     </span>
     <span class='ocr_line' id='line_1_10' title="bbox 677 1402 1356 1481; baseline -0.003 -18"><span class='ocrx_word' id='word_1_51' title='bbox 677 1402 782 1463; x_wconf 85' lang='lat' dir='ltr'><strong>breve</strong></span> <span class='ocrx_word' id='word_1_52' title='bbox 814 1407 950 1481; x_wconf 89' lang='lat' dir='ltr'><strong>tempus</strong></span> <span class='ocrx_word' id='word_1_53' title='bbox 975 1405 1117 1481; x_wconf 86' lang='lat' dir='ltr'><strong>propter</strong></span> <span class='ocrx_word' id='word_1_54' title='bbox 1143 1417 1356 1462; x_wconf 91' lang='lat' dir='ltr'><strong>communem</strong></span> 
     </span>
     <span class='ocr_line' id='line_1_11' title="bbox 679 1497 1359 1581; baseline 0 -19"><span class='ocrx_word' id='word_1_55' title='bbox 679 1499 864 1563; x_wconf 86' lang='lat' dir='ltr'><strong>utilitatem</strong></span> <span class='ocrx_word' id='word_1_56' title='bbox 883 1498 1004 1580; x_wconf 83' lang='lat' dir='ltr'><strong>regni3</strong></span> <span class='ocrx_word' id='word_1_57' title='bbox 1028 1498 1185 1581; x_wconf 84' lang='lat' dir='ltr'><strong>exceptis</strong></span> <span class='ocrx_word' id='word_1_58' title='bbox 1202 1497 1359 1580; x_wconf 89' lang='lat' dir='ltr'><strong>impriso-</strong></span> 
     </span>
     <span class='ocr_line' id='line_1_12' title="bbox 679 1597 1357 1680; baseline 0.001 -19"><span class='ocrx_word' id='word_1_59' title='bbox 679 1600 770 1663; x_wconf 88' lang='lat' dir='ltr'><strong>natis</strong></span> <span class='ocrx_word' id='word_1_60' title='bbox 792 1605 828 1662; x_wconf 91' lang='lat' dir='ltr'><strong>et</strong></span> <span class='ocrx_word' id='word_1_61' title='bbox 844 1598 1012 1680; x_wconf 81' lang='lat' dir='ltr'><strong>utlagatis</strong></span> <span class='ocrx_word' id='word_1_62' title='bbox 1037 1598 1224 1662; x_wconf 88' lang='lat' dir='ltr'><strong>secundum</strong></span> <span class='ocrx_word' id='word_1_63' title='bbox 1247 1597 1357 1680; x_wconf 82' lang='lat' dir='ltr'><strong>legem</strong></span> 
     </span>
     <span class='ocr_line' id='line_1_13' title="bbox 678 1699 1358 1780; baseline -0.001 -19"><span class='ocrx_word' id='word_1_64' title='bbox 678 1699 788 1780; x_wconf 84' lang='lat' dir='ltr'><strong>regni,</strong></span> <span class='ocrx_word' id='word_1_65' title='bbox 801 1705 836 1762; x_wconf 90' lang='lat' dir='ltr'><strong>et</strong></span> <span class='ocrx_word' id='word_1_66' title='bbox 848 1705 951 1779; x_wconf 81' lang='lat' dir='ltr'><strong>gente</strong></span> <span class='ocrx_word' id='word_1_67' title='bbox 967 1704 1089 1761; x_wconf 87' lang='lat' dir='ltr'><strong>contra</strong></span> <span class='ocrx_word' id='word_1_68' title='bbox 1103 1717 1166 1762; x_wconf 88' lang='lat' dir='ltr'><strong>nos</strong></span> <span class='ocrx_word' id='word_1_69' title='bbox 1183 1699 1358 1778; x_wconf 77' lang='lat' dir='ltr'><strong>guerrico,</strong></span> 
     </span>
     <span class='ocr_line' id='line_1_14' title="bbox 679 1796 1359 1880; baseline 0 -18"><span class='ocrx_word' id='word_1_70' title='bbox 679 1805 714 1862; x_wconf 91' lang='lat' dir='ltr'><strong>et</strong></span> <span class='ocrx_word' id='word_1_71' title='bbox 728 1798 988 1876; x_wconf 83' lang='lat' dir='ltr'><strong>mercatoribus,</strong></span> <span class='ocrx_word' id='word_1_72' title='bbox 1000 1797 1042 1861; x_wconf 92' lang='lat' dir='ltr'><strong>de</strong></span> <span class='ocrx_word' id='word_1_73' title='bbox 1054 1798 1180 1880; x_wconf 89' lang='lat' dir='ltr'><strong>quibus</strong></span> <span class='ocrx_word' id='word_1_74' title='bbox 1194 1796 1257 1861; x_wconf 87' lang='lat' dir='ltr'><strong>fiat</strong></span> <span class='ocrx_word' id='word_1_75' title='bbox 1268 1798 1359 1862; x_wconf 89' lang='lat' dir='ltr'><strong>sicut</strong></span> 
     </span>
     <span class='ocr_line' id='line_1_15' title="bbox 679 1897 996 1981; baseline 0.003 -20"><span class='ocrx_word' id='word_1_76' title='bbox 679 1897 915 1981; x_wconf 88' lang='lat' dir='ltr'><strong>supradictum</strong></span> <span class='ocrx_word' id='word_1_77' title='bbox 931 1904 996 1962; x_wconf 87' lang='lat' dir='ltr'><strong>est.</strong></span> 
     </span>
    </p>
   </div>
   <div class='ocr_carea' id='block_1_5' title="bbox 259 2019 1403 3178">
    <p class='ocr_par' dir='ltr' id='par_1_5' title="bbox 259 2019 1403 3178">
     <span class='ocr_line' id='line_1_16' title="bbox 259 2019 1359 2102; baseline 0 -18"><span class='ocrx_word' id='word_1_78' title='bbox 259 2058 310 2067; x_wconf 96' lang='lat'>—</span> <span class='ocrx_word' id='word_1_79' title='bbox 355 2023 407 2098; x_wconf 88' lang='lat'><strong>31,</strong></span> <span class='ocrx_word' id='word_1_80' title='bbox 420 2019 586 2084; x_wconf 68' lang='lat' dir='ltr'><strong>nonnam</strong></span> <span class='ocrx_word' id='word_1_81' title='bbox 657 2021 750 2084; x_wconf 80' lang='lat' dir='ltr'><strong>addit</strong></span> <span class='ocrx_word' id='word_1_82' title='bbox 778 2020 904 2098; x_wconf 68' lang='lat' dir='ltr'><strong>Paris„</strong></span> <span class='ocrx_word' id='word_1_83' title='bbox 936 2019 1106 2084; x_wconf 87' lang='lat' dir='ltr'><strong>Homines</strong></span> <span class='ocrx_word' id='word_1_84' title='bbox 1133 2020 1192 2102; x_wconf 92' lang='lat' dir='ltr'><strong>qui</strong></span> <span class='ocrx_word' id='word_1_85' title='bbox 1221 2030 1359 2085; x_wconf 88' lang='lat' dir='ltr'><strong>manent</strong></span> 
     </span>
     <span class='ocr_line' id='line_1_17' title="bbox 681 2120 1360 2185; baseline 0.001 -2"><span class='ocrx_word' id='word_1_86' title='bbox 681 2127 782 2184; x_wconf 85' lang='lat' dir='ltr'><strong>extra</strong></span> <span class='ocrx_word' id='word_1_87' title='bbox 821 2120 985 2184; x_wconf 87' lang='lat' dir='ltr'><strong>forestam</strong></span> <span class='ocrx_word' id='word_1_88' title='bbox 1029 2140 1097 2184; x_wconf 90' lang='lat' dir='ltr'><strong>non</strong></span> <span class='ocrx_word' id='word_1_89' title='bbox 1138 2120 1279 2184; x_wconf 88' lang='lat' dir='ltr'><strong>veniant</strong></span> <span class='ocrx_word' id='word_1_90' title='bbox 1318 2122 1360 2185; x_wconf 88' lang='lat' dir='ltr'><strong>de</strong></span> 
     </span>
     <span class='ocr_line' id='line_1_18' title="bbox 682 2219 1361 2304; baseline 0.003 -22"><span class='ocrx_word' id='word_1_91' title='bbox 682 2228 808 2284; x_wconf 84' lang='lat' dir='ltr'><strong>caetero</strong></span> <span class='ocrx_word' id='word_1_92' title='bbox 825 2239 940 2284; x_wconf 88' lang='lat' dir='ltr'><strong>coram</strong></span> <span class='ocrx_word' id='word_1_93' title='bbox 951 2219 1152 2304; x_wconf 83' lang='lat' dir='ltr'><strong>justitiariis</strong></span> <span class='ocrx_word' id='word_1_94' title='bbox 1175 2221 1302 2284; x_wconf 89' lang='lat' dir='ltr'><strong>nostris</strong></span> <span class='ocrx_word' id='word_1_95' title='bbox 1318 2221 1361 2284; x_wconf 88' lang='lat' dir='ltr'><strong>de</strong></span> 
     </span>
     <span class='ocr_line' id='line_1_19' title="bbox 680 2320 1361 2402; baseline 0 -20"><span class='ocrx_word' id='word_1_96' title='bbox 680 2320 810 2384; x_wconf 76' lang='lat' dir='ltr'><strong>foresta</strong></span> <span class='ocrx_word' id='word_1_97' title='bbox 841 2340 902 2402; x_wconf 87' lang='lat' dir='ltr'><strong>per</strong></span> <span class='ocrx_word' id='word_1_98' title='bbox 936 2339 1134 2384; x_wconf 89' lang='lat' dir='ltr'><strong>communes</strong></span> <span class='ocrx_word' id='word_1_99' title='bbox 1174 2321 1361 2384; x_wconf 90' lang='lat' dir='ltr'><strong>summoni-</strong></span> 
     </span>
     <span class='ocr_line' id='line_1_20' title="bbox 682 2419 1361 2502; baseline -0.003 -18"><span class='ocrx_word' id='word_1_100' title='bbox 682 2421 805 2495; x_wconf 87' lang='lat' dir='ltr'><strong>tiones,</strong></span> <span class='ocrx_word' id='word_1_101' title='bbox 822 2419 888 2483; x_wconf 90' lang='lat' dir='ltr'><strong>nisi</strong></span> <span class='ocrx_word' id='word_1_102' title='bbox 905 2419 1028 2483; x_wconf 89' lang='lat' dir='ltr'><strong>sintin</strong></span> <span class='ocrx_word' id='word_1_103' title='bbox 1050 2419 1192 2502; x_wconf 88' lang='lat' dir='ltr'><strong>placito,</strong></span> <span class='ocrx_word' id='word_1_104' title='bbox 1212 2419 1268 2483; x_wconf 87' lang='lat' dir='ltr'><strong>vel</strong></span> <span class='ocrx_word' id='word_1_105' title='bbox 1288 2421 1361 2502; x_wconf 89' lang='lat' dir='ltr'><strong>ple-</strong></span> 
     </span>
     <span class='ocr_line' id='line_1_21' title="bbox 682 2519 1363 2603; baseline 0.001 -21"><span class='ocrx_word' id='word_1_106' title='bbox 682 2519 730 2600; x_wconf 85' lang='lat' dir='ltr'><strong>gii</strong></span> <span class='ocrx_word' id='word_1_107' title='bbox 757 2519 904 2603; x_wconf 89' lang='lat' dir='ltr'><strong>alicujus</strong></span> <span class='ocrx_word' id='word_1_108' title='bbox 931 2520 987 2583; x_wconf 88' lang='lat' dir='ltr'><strong>vel</strong></span> <span class='ocrx_word' id='word_1_109' title='bbox 1012 2519 1205 2602; x_wconf 85' lang='lat' dir='ltr'><strong>aliquorum</strong></span> <span class='ocrx_word' id='word_1_110' title='bbox 1227 2519 1287 2602; x_wconf 90' lang='lat' dir='ltr'><strong>qui</strong></span> <span class='ocrx_word' id='word_1_111' title='bbox 1310 2531 1363 2584; x_wconf 87' lang='lat' dir='ltr'><strong>at-</strong></span> 
     </span>
     <span class='ocr_line' id='line_1_22' title="bbox 683 2617 1361 2701; baseline 0 -19"><span class='ocrx_word' id='word_1_112' title='bbox 683 2618 827 2682; x_wconf 87' lang='lat' dir='ltr'><strong>tachiati</strong></span> <span class='ocrx_word' id='word_1_113' title='bbox 874 2625 956 2682; x_wconf 92' lang='lat' dir='ltr'><strong>sunt</strong></span> <span class='ocrx_word' id='word_1_114' title='bbox 1004 2625 1146 2701; x_wconf 86' lang='lat' dir='ltr'><strong>propter</strong></span> <span class='ocrx_word' id='word_1_115' title='bbox 1187 2617 1361 2682; x_wconf 85' lang='lat' dir='ltr'><strong>forestam.</strong></span> 
     </span>
     <span class='ocr_line' id='line_1_23' title="bbox 684 2717 1403 2806; baseline 0.001 -26"><span class='ocrx_word' id='word_1_116' title='bbox 684 2717 813 2780; x_wconf 89' lang='lat' dir='ltr'><strong>Omnes</strong></span> <span class='ocrx_word' id='word_1_117' title='bbox 847 2724 963 2781; x_wconf 89' lang='lat' dir='ltr'><strong>autem</strong></span> <span class='ocrx_word' id='word_1_118' title='bbox 996 2718 1101 2795; x_wconf 88' lang='lat' dir='ltr'><strong>bosci,</strong></span> <span class='ocrx_word' id='word_1_119' title='bbox 1131 2718 1191 2800; x_wconf 92' lang='lat' dir='ltr'><strong>qui</strong></span> <span class='ocrx_word' id='word_1_120' title='bbox 1223 2718 1363 2781; x_wconf 87' lang='lat' dir='ltr'><strong>suerunt</strong></span> <span class='ocrx_word' id='word_1_121' title='bbox 1400 2804 1403 2806; x_wconf 11' lang='lat' dir='ltr'>v</span> 
     </span>
     <span class='ocr_line' id='line_1_24' title="bbox 683 2815 1363 2899; baseline 0.004 -22"><span class='ocrx_word' id='word_1_122' title='bbox 683 2815 871 2880; x_wconf 84' lang='lat' dir='ltr'><strong>afforcstati</strong></span> <span class='ocrx_word' id='word_1_123' title='bbox 904 2837 966 2899; x_wconf 86' lang='lat' dir='ltr'><strong>per</strong></span> <span class='ocrx_word' id='word_1_124' title='bbox 997 2837 1112 2898; x_wconf 86' lang='lat' dir='ltr'><strong>regem</strong></span> <span class='ocrx_word' id='word_1_125' title='bbox 1148 2817 1363 2881; x_wconf 88' lang='lat' dir='ltr'><strong>Richardum</strong></span> 
     </span>
     <span class='ocr_line' id='line_1_25' title="bbox 681 2915 1363 2990; baseline 0.004 -13"><span class='ocrx_word' id='word_1_126' title='bbox 681 2915 822 2978; x_wconf 83' lang='lat' dir='ltr'><strong>fratrem</strong></span> <span class='ocrx_word' id='word_1_127' title='bbox 847 2924 1015 2990; x_wconf 88' lang='lat' dir='ltr'><strong>nostrum,</strong></span> <span class='ocrx_word' id='word_1_128' title='bbox 1036 2917 1153 2981; x_wconf 87' lang='lat' dir='ltr'><strong>statim</strong></span> <span class='ocrx_word' id='word_1_129' title='bbox 1174 2917 1363 2981; x_wconf 87' lang='lat' dir='ltr'><strong>deaffores·</strong></span> 
     </span>
     <span class='ocr_line' id='line_1_26' title="bbox 682 3016 1363 3090; baseline 0.006 -13"><span class='ocrx_word' id='word_1_130' title='bbox 682 3022 810 3090; x_wconf 83' lang='lat' dir='ltr'><strong>tantur,</strong></span> <span class='ocrx_word' id='word_1_131' title='bbox 837 3016 903 3079; x_wconf 89' lang='lat' dir='ltr'><strong>nisi</strong></span> <span class='ocrx_word' id='word_1_132' title='bbox 930 3016 1058 3080; x_wconf 88' lang='lat' dir='ltr'><strong>suerint</strong></span> <span class='ocrx_word' id='word_1_133' title='bbox 1080 3016 1242 3080; x_wconf 90' lang='lat' dir='ltr'><strong>dominici</strong></span> <span class='ocrx_word' id='word_1_134' title='bbox 1265 3017 1363 3081; x_wconf 93' lang='lat' dir='ltr'><strong>bosci</strong></span> 
     </span>
     <span class='ocr_line' id='line_1_27' title="bbox 683 3114 804 3178; baseline 0.008 -2"><span class='ocrx_word' id='word_1_135' title='bbox 683 3114 804 3178; x_wconf 89' lang='lat' dir='ltr'><strong>nostri.</strong></span> 
     </span>
    </p>
   </div>
   <div class='ocr_carea' id='block_1_6' title="bbox 261 3233 1021 3324">
    <p class='ocr_par' dir='ltr' id='par_1_6' title="bbox 261 3233 1021 3324">
     <span class='ocr_line' id='line_1_28' title="bbox 261 3233 1021 3324; baseline -0.001 -22"><span class='ocrx_word' id='word_1_136' title='bbox 261 3247 311 3291; x_wconf 83' lang='grc'><strong>-’</strong></span> <span class='ocrx_word' id='word_1_137' title='bbox 356 3233 410 3312; x_wconf 83' lang='grc'><strong>37,</strong></span> <span class='ocrx_word' id='word_1_138' title='bbox 426 3238 587 3324; x_wconf 77' lang='lat' dir='ltr'><strong>antiquam</strong></span> <span class='ocrx_word' id='word_1_139' title='bbox 661 3237 813 3321; x_wconf 86' lang='lat' dir='ltr'><strong>aliquam</strong></span> <span class='ocrx_word' id='word_1_140' title='bbox 832 3241 1021 3323; x_wconf 87' lang='lat' dir='ltr'><strong>antiquam.</strong></span> 
     </span>
    </p>
   </div>
   <div class='ocr_carea' id='block_1_7' title="bbox 264 3361 856 3643">
    <p class='ocr_par' dir='ltr' id='par_1_7' title="bbox 264 3361 856 3643">
     <span class='ocr_line' id='line_1_29' title="bbox 264 3361 856 3447; baseline 0 -21"><span class='ocrx_word' id='word_1_141' title='bbox 264 3365 337 3440; x_wconf 86' lang='lat'><strong>310,</strong></span> <span class='ocrx_word' id='word_1_142' title='bbox 357 3366 408 3438; x_wconf 86' lang='lat'><strong>18,</strong></span> <span class='ocrx_word' id='word_1_143' title='bbox 425 3364 545 3447; x_wconf 80' lang='lat' dir='ltr'><strong>etquod</strong></span> <span class='ocrx_word' id='word_1_144' title='bbox 560 3411 587 3427; x_wconf 90' lang='lat'><strong>..</strong></span> <span class='ocrx_word' id='word_1_145' title='bbox 606 3412 612 3426; x_wconf 95' lang='lat'><strong>.</strong></span> <span class='ocrx_word' id='word_1_146' title='bbox 660 3361 767 3426; x_wconf 74' lang='lat' dir='ltr'><strong>deerunt</strong></span> <span class='ocrx_word' id='word_1_147' title='bbox 782 3385 803 3425; x_wconf 84' lang='lat' dir='ltr'><strong>o</strong></span> <span class='ocrx_word' id='word_1_148' title='bbox 821 3364 856 3426; x_wconf 83' lang='lat'><strong>0.</strong></span> 
     </span>
     <span class='ocr_line' id='line_1_30' title="bbox 425 3461 611 3526; baseline 0.011 -2"><span class='ocrx_word' id='word_1_149' title='bbox 425 3461 461 3525; x_wconf 79' lang='lat' dir='ltr'><strong>de</strong></span> <span class='ocrx_word' id='word_1_150' title='bbox 475 3463 544 3525; x_wconf 80' lang='lat' dir='ltr'><strong>viso</strong></span> <span class='ocrx_word' id='word_1_151' title='bbox 559 3483 611 3526; x_wconf 82' lang='lat' dir='ltr'><strong>sao</strong></span> 
     </span>
     <span class='ocr_line' id='line_1_31' title="bbox 420 3561 570 3643; baseline 0.007 -21"><span class='ocrx_word' id='word_1_152' title='bbox 420 3561 570 3643; x_wconf 73' lang='lat' dir='ltr'><strong>sariendo</strong></span> 
     </span>
    </p>
   </div>
   <div class='ocr_carea' id='block_1_8' title="bbox 261 3680 1366 3868">
    <p class='ocr_par' dir='ltr' id='par_1_8' title="bbox 261 3680 1366 3868">
     <span class='ocr_line' id='line_1_32' title="bbox 261 3680 1365 3765; baseline 0.004 -20"><span class='ocrx_word' id='word_1_153' title='bbox 261 3723 312 3734; x_wconf 89' lang='lat'><strong>—</strong></span> <span class='ocrx_word' id='word_1_154' title='bbox 357 3684 409 3757; x_wconf 77' lang='lat'><strong>32,</strong></span> <span class='ocrx_word' id='word_1_155' title='bbox 426 3683 481 3745; x_wconf 79' lang='lat' dir='ltr'><strong>oei</strong></span> <span class='ocrx_word' id='word_1_156' title='bbox 497 3683 595 3746; x_wconf 78' lang='lat' dir='ltr'><strong>nostri</strong></span> <span class='ocrx_word' id='word_1_157' title='bbox 661 3680 717 3743; x_wconf 90' lang='lat' dir='ltr'><strong>avi</strong></span> <span class='ocrx_word' id='word_1_158' title='bbox 745 3684 876 3761; x_wconf 84' lang='lat' dir='ltr'><strong>nostri3</strong></span> <span class='ocrx_word' id='word_1_159' title='bbox 902 3690 937 3747; x_wconf 91' lang='lat' dir='ltr'><strong>et</strong></span> <span class='ocrx_word' id='word_1_160' title='bbox 962 3683 1053 3765; x_wconf 91' lang='lat' dir='ltr'><strong>quod</strong></span> <span class='ocrx_word' id='word_1_161' title='bbox 1082 3685 1272 3750; x_wconf 90' lang='lat' dir='ltr'><strong>vicecomes</strong></span> <span class='ocrx_word' id='word_1_162' title='bbox 1297 3707 1365 3751; x_wconf 91' lang='lat' dir='ltr'><strong>non</strong></span> 
     </span>
     <span class='ocr_line' id='line_1_33' title="bbox 682 3783 1366 3868; baseline 0.012 -26"><span class='ocrx_word' id='word_1_163' title='bbox 682 3790 818 3861; x_wconf 87' lang='lat' dir='ltr'><strong>quaerat</strong></span> <span class='ocrx_word' id='word_1_164' title='bbox 845 3783 1057 3860; x_wconf 87' lang='lat' dir='ltr'><strong>occasiones,</strong></span> <span class='ocrx_word' id='word_1_165' title='bbox 1088 3793 1123 3848; x_wconf 91' lang='lat' dir='ltr'><strong>et</strong></span> <span class='ocrx_word' id='word_1_166' title='bbox 1154 3785 1247 3868; x_wconf 88' lang='lat' dir='ltr'><strong>quod</strong></span> <span class='ocrx_word' id='word_1_167' title='bbox 1287 3806 1366 3850; x_wconf 92' lang='lat' dir='ltr'><strong>con·</strong></span> 
     </span>
    </p>
   </div>
   <div class='ocr_carea' id='block_1_9' title="bbox 681 3881 1367 4046">
    <p class='ocr_par' dir='ltr' id='par_1_9' title="bbox 681 3881 1367 4046">
     <span class='ocr_line' id='line_1_34' title="bbox 682 3881 1367 3965; baseline 0.01 -23"><span class='ocrx_word' id='word_1_168' title='bbox 682 3886 799 3943; x_wconf 90' lang='lat' dir='ltr'><strong>tentus</strong></span> <span class='ocrx_word' id='word_1_169' title='bbox 832 3882 878 3944; x_wconf 92' lang='lat' dir='ltr'><strong>sit</strong></span> <span class='ocrx_word' id='word_1_170' title='bbox 902 3881 944 3944; x_wconf 89' lang='lat' dir='ltr'><strong>de</strong></span> <span class='ocrx_word' id='word_1_171' title='bbox 979 3903 1019 3946; x_wconf 88' lang='lat' dir='ltr'><strong>co</strong></span> <span class='ocrx_word' id='word_1_172' title='bbox 1053 3885 1145 3965; x_wconf 90' lang='lat' dir='ltr'><strong>quod</strong></span> <span class='ocrx_word' id='word_1_173' title='bbox 1176 3886 1367 3949; x_wconf 89' lang='lat' dir='ltr'><strong>vicecomes</strong></span> 
     </span>
     <span class='ocr_line' id='line_1_35' title="bbox 681 3977 1018 4046; baseline 0.015 -5"><span class='ocrx_word' id='word_1_174' title='bbox 681 3977 808 4043; x_wconf 85' lang='lat' dir='ltr'><strong>habere</strong></span> <span class='ocrx_word' id='word_1_175' title='bbox 825 3983 1018 4046; x_wconf 86' lang='lat' dir='ltr'><strong>consucvit.</strong></span> 
     </span>
    </p>
   </div>
   <div class='ocr_carea' id='block_1_10' title="bbox 262 4099 747 4302">
    <p class='ocr_par' dir='ltr' id='par_1_10' title="bbox 262 4099 747 4302">
     <span class='ocr_line' id='line_1_36' title="bbox 263 4099 746 4179; baseline -0.008 -13"><span class='ocrx_word' id='word_1_176' title='bbox 263 4105 337 4179; x_wconf 84' lang='lat'><strong>311,</strong></span> <span class='ocrx_word' id='word_1_177' title='bbox 355 4105 588 4178; x_wconf 58' lang='lat' dir='ltr'><strong>taruanorum</strong></span> <span class='ocrx_word' id='word_1_178' title='bbox 659 4099 746 4163; x_wconf 67' lang='lat' dir='ltr'><strong>dost.</strong></span> 
     </span>
     <span class='ocr_line' id='line_1_37' title="bbox 262 4224 747 4302; baseline -0.008 -12"><span class='ocrx_word' id='word_1_179' title='bbox 262 4229 336 4302; x_wconf 93' lang='grc'>313,</span> <span class='ocrx_word' id='word_1_180' title='bbox 375 4229 404 4302; x_wconf 91' lang='grc'><strong>3,</strong></span> <span class='ocrx_word' id='word_1_181' title='bbox 420 4234 535 4288; x_wconf 78' lang='lat' dir='ltr'><strong>nostros</strong></span> <span class='ocrx_word' id='word_1_182' title='bbox 659 4224 747 4288; x_wconf 66' lang='lat' dir='ltr'><strong>deest.</strong></span> 
     </span>
    </p>
   </div>
   <div class='ocr_carea' id='block_1_11' title="bbox 0 0 1591 4992">
    <p class='ocr_par' dir='ltr' id='par_1_11' title="bbox 0 0 1591 4992">
     <span class='ocr_line' id='line_1_38' title="bbox 0 0 1591 4992; baseline 0 0"><span class='ocrx_word' id='word_1_183' title='bbox 0 0 1591 4992; x_wconf 95' lang='lat' dir='ltr'><strong> </strong></span> 
     </span>
    </p>
   </div>
  </div>
 </body>
</html>
