3150 4992
246 459 292 522 52
619 471 822 520 nncvronns
845 473 980 520 viarm.

292 676 361 740 qua
376 656 520 721 desaevit
537 656 573 719 in
588 654 768 719 ecelesiam
787 654 930 732 Christi,
948 662 984 718 et
999 654 1088 720 hanc
1107 674 1207 719 suam
1232 675 1363 719 necem.

292 758 488 840 procuravi,
505 757 696 837 imperante
714 762 968 837 protomartyre
979 754 1116 836 Angliae
1129 757 1233 819 beato
1245 754 1352 818 Alba-

293 876 351 933 no,
367 858 426 938 qui
443 863 585 938 questus
603 861 656 918 est
674 855 836 933 Domino,
854 855 946 937 quod
964 854 1129 918 ininsula
1147 855 1353 929 Britanniae,

294 957 394 1040 cujus
414 957 489 1038 ipse
510 955 574 1018 fuit
591 955 722 1036 primus
740 961 909 1031 sacrator,
928 973 1034 1036 supra
1055 954 1193 1018 modum
1213 973 1353 1036 grassa-

294 1056 412 1119 retur!
450 1055 575 1120 Comes
589 1054 697 1134 igitur
709 1053 782 1119 haec
795 1055 898 1119 sociis
912 1055 1030 1118 statim
1045 1056 1212 1118 narravit.
1254 1053 1353 1117 Infra

294 1155 444 1220 triduum
459 1164 575 1219 autem
592 1152 666 1217 haec
681 1155 798 1217 omnia
812 1174 896 1218 vera
911 1154 1050 1235 reperit,
1066 1174 1128 1236 per
1145 1153 1352 1217 mediatores

295 1256 434 1319 oculata
451 1255 518 1318 fide
535 1262 712 1334 expertus.

257 1377 315 1418 HG.
338 1379 390 1416 1111.

247 1442 322 1517 160,
339 1442 391 1517 28,
409 1437 558 1504 tombam
648 1437 741 1501 addit
767 1437 894 1516 Paris,
923 1439 1012 1528 Gom
1042 1447 1223 1520 regnasset
1252 1439 1352 1502 annis

671 1538 847 1602 tredecim.

248 1660 458 1737 161‚11,tta
474 1669 510 1723 ot
650 1670 686 1726 et
702 1669 753 1726 ut.

247 1824 298 1836 -
343 1785 395 1860 22,
411 1783 466 1868 qai
490 1804 561 1847 coo-
651 1787 706 1850 cui
723 1786 887 1850 continno
906 1805 927 1850 a
943 1785 1123 1862 Mauritio,
1141 1785 1352 1851 Londinensi

412 1885 506 1947 tinae
673 1886 849 1967 episcopo,
871 1892 907 1949 et
929 1906 951 1949 a
975 1885 1122 1963 Thema,
1142 1885 1353 1951 Eboracensi

675 1984 943 2067 archiepiscopo,
966 2004 1095 2049 corona
1115 1985 1222 2068 capiti
1244 1986 1354 2068 impo-

674 2085 778 2147 nitur.

248 2247 299 2256 -
343 2206 394 2280 26,
408 2203 550 2268 coacessit
651 2207 744 2271 addit
780 2206 906 2284 Paris,
949 2205 1029 2271 Hoc
1075 2213 1227 2289 tempore
1262 2209 1354 2290 apud

676 2304 852 2389 Berksyre
868 2307 903 2369 in
922 2306 1069 2389 quodam
1093 2325 1196 2388 pago,
1214 2307 1250 2370 in
1270 2307 1355 2373 villa

677 2406 903 2483 Humestede,
932 2407 1075 2486 sanguis
1105 2408 1280 2471 emanavit
1310 2408 1353 2471 de

675 2513 780 2583 terra,
806 2506 979 2569 continuis
1004 2505 1198 2588 quindecim
1221 2506 1353 2583 diehuS,

675 2614 746 2670 tarn
774 2607 913 2688 copiose
942 2613 983 2669 ut
1011 2605 1161 2687 amplum
1191 2612 1353 2688 stagnum

674 2706 825 2788 tingeret
841 2713 877 2768 et
890 2705 1057 2770 inficeret.

252 2827 325 2899 163,
343 2826 395 2900 26,
404 2824 618 2891 misericordia
654 2828 803 2892 miseria.

253 2950 326 3026 164,
344 2951 397 3024 23,
412 2957 455 3012 tot
469 2949 582 3012 chorte
652 2950 728 3015 The
745 2951 862 3034 Royal
877 2951 955 3017 MS.
977 2952 1075 3029 addS,
1095 2953 1172 3017 that
1191 2954 1238 3017 all
1258 2954 1355 3017 these

674 3051 841 3129 charters,
855 3052 951 3115 three
969 3052 1051 3134 only
1066 3053 1246 3135 excepted,
1263 3073 1355 3118 were

674 3151 755 3229 lost,
774 3151 943 3215 ‘diversis
956 3152 1098 3216 ‚viribus
1117 3154 1173 3217 vel
1195 3153 1355 3228 fallaciis,

675 3251 736 3315 vix
762 3252 872 3315 tribus
901 3252 1169 3330 remanentibus,
1195 3252 1356 3317 videlicet

676 3351 768 3434 apud
780 3350 1115 3433 cantuariam,apud
1125 3351 1356 3429 S.Albanum,

676 3457 711 3514 et
726 3450 819 3532 apud
837 3450 1054 3514 Eboracum!
1107 3450 1283 3516 1101366.

252 3610 302 3622 -
348 3572 403 3643 26,
420 3594 591 3637 monomen—
654 3572 729 3636 The
744 3573 884 3638 Cotton.
902 3573 978 3637 MS.
995 3574 1036 3638 of
1047 3573 1149 3639 Paris
1164 3576 1250 3640 adds
1264 3577 1357 3654 here,

419 3681 483 3734 tma
676 3672 803 3737 ‘Idem
828 3673 1004 3737 Henricus
1031 3672 1254 3757 desponsavit
1277 3676 1357 3740 Ma-

675 3773 795 3836 tildem
819 3773 924 3836 filiam
945 3772 1136 3850 Malcolmi,
1159 3776 1252 3856 regis
1276 3775 1356 3840 Sco

600 3897 604 3908 ·
675 3872 746 3947 tiae,
773 3893 818 3936 ex
841 3892 911 3954 qua
939 3874 1060 3954 genuit
1083 3873 1297 3938 Willelmum
1322 3883 1358 3938 et

676 3971 781 4034 filiam
810 3991 926 4047 unam,
952 3973 1089 4036 nomine
1113 3981 1149 4037 et
1176 3974 1357 4038 honestate

676 4077 821 4133 matrem
837 4079 1156 4154 repraesentantem,
1172 4093 1275 4155 quam
1286 4075 1357 4138 vir-

676 4169 791 4250 ginem
851 4172 1110 4253 quinquennem
1169 4174 1358 4256 imperator

678 4268 854 4332 Henrious
873 4271 972 4352 petiit
989 4279 1025 4334 et
1039 4272 1197 4354 accepit.’
