3150 4992
587 467 789 516 nncrrouus
815 468 950 518 vnum.
1277 451 1321 518 ll

215 595 274 734 1226,
314 592 366 730 ng,
382 653 420 718 de
441 650 568 718 urbibus
618 674 721 738 quem
743 673 884 719 censum
907 656 1021 733 urbes,
1045 655 1199 732 castella,
1215 655 1322 732 villae,

363 753 568 820 ...redderem
641 753 722 832 vici,
750 754 906 834 flumina,
930 755 1087 838 paludes,
1109 756 1219 840 sylvae
1243 754 1322 820 red·

638 854 769 920 derent.

215 1013 267 1023 -
311 978 366 1052 20,
381 975 469 1060 cujus
616 978 653 1040 in
668 978 769 1062 cujus
785 978 913 1045 sedem.

215 1138 267 1147 —
312 1102 365 1177 21,
395 1101 431 1164 iu
472 1099 570 1164 codem
617 1101 736 1170 aaut.

369 1199 570 1285 apostolicum

217 1362 269 1370 —
314 1328 366 1401 25,
379 1325 567 1389 ordinavit..
619 1324 853 1389 ordinaverat.
915 1322 975 1388 Illi
1094 1324 1322 1391 reclamantes

371 1433 570 1490 ...urserunt
641 1425 854 1488 asserebant.
971 1515 974 1518 .

219 1569 271 1642 23,
334 1568 364 1643 8,
385 1565 423 1628 de
448 1562 570 1650 quibus-
620 1564 663 1627 ab
686 1563 844 1628 omnibus
862 1563 1070 1645 promiscue,
1093 1563 1168 1628 sive
1190 1537 1252 1646 per
1268 1562 1322 1628 sas

368 1685 483 1750 canuae
641 1663 714 1728 sive
732 1683 794 1746 per
810 1662 918 1730 nefas,

368 1764 432 1828 sive
447 1764 560 1852 injusto

218 1925 269 1936 -
314 1890 366 1964 19,
381 1887 544 1973 loquebare·
619 1884 861 1948 decernebant.

382 1997 449 2057 των,
487 2001 497 2016 ·

103 2098 111 2110 ’
211 2149 268 2161 1....
313 2114 365 2190 22,
381 2112 569 2197 quimatio„
621 2103 840 2169 Cervumvel
855 2103 1052 2186 capreolum
1065 2104 1217 2187 capienti
1230 2104 1323 2170 oculi

371 2259 404 2276 ..
425 2259 433 2276 .
451 2259 459 2274 .
478 2233 567 2280 mur·
642 2206 862 2282 eruebantur,
884 2222 947 2266 nec
966 2203 1033 2268 fuit
1049 2205 1109 2287 qui
1128 2204 1183 2267 his
1204 2223 1242 2269 se
1261 2224 1322 2288 op-

368 2320 508 2376 mururet
640 2311 784 2386 poneret
801 2303 949 2385 legibus.

215 2488 268 2496 -
312 2453 363 2528 25,
379 2451 528 2535 Nesactio
620 2442 781 2526 Denique
796 2441 955 2507 nefando.

376 2572 510 2636 prorsus

217 2712 268 2722 —
313 2678 365 2754 28,
380 2696 464 2740 nuuc

217 2833 269 2850 —
312 2832 355 2845 —
378 2818 463 2881 amne

216 2954 268 2964 -
313 2919 365 2994 29,
385 2917 569 2983 ducturum
617 2914 861 2979 discurrerent.
991 2936 994 2941 ·

219 3042 272 3116 24,
336 3042 368 3117 9,
386 3049 454 3105 crat
617 3038 668 3103 illi
684 3039 767 3102 data
782 3044 884 3103 esset.

216 3201 267 3212 -
313 3168 364 3242 14,
381 3165 445 3250 ejuc
619 3170 734 3227 tamen
751 3163 839 3247 ejus.

216 3326 268 3334 —
313 3290 364 3367 16,
383 3299 553 3375 paratum-
617 3294 878 3371 peractumque.

389 3411 446 3474 que

217 3548 268 3559 —
313 3508 568 3596 1191122111-
618 3510 757 3592 quidem
776 3509 957 3593 Remigius
973 3516 1123 3575 statura.

373 3620 446 3676 tura

217 3775 268 3786 -
313 3735 364 3810 19,
388 3731 530 3818 operibus
595 3755 688 3799 'non
705 3735 876 3817 operibns.

388 3832 509 3898 nitidae
792 3834 796 3840 ’

218 3993 268 4002 -
314 3955 570 4040 20,quidumfc·
619 3957 770 4022 famulus
786 3976 881 4021 suus.

377 4055 479 4124 mulus
493 4055 558 4139 ejas

219 4218 269 4227 —
314 4179 571 4257 23,Hocuuctoro
621 4175 700 4240 Hoc
716 4183 832 4240 autem
848 4184 1019 4240 auctore..
