3150 4992
270 467 338 534 318
645 483 847 533 ancrronns
870 482 1004 533 viarm.

271 665 401 730 nostris
421 663 545 730 seriem
563 665 740 732 electionis
762 673 892 730 nostrae
914 665 1181 744 continentibus,
1212 687 1316 750 quam
1338 669 1375 732 in

271 765 418 830 ecclesia
442 773 562 832 nestra
585 766 628 831 de
653 766 760 830 fratre
779 765 940 830 Johanne
962 765 1004 829 de
1028 766 1232 830 Hertfordia
1257 787 1375 832 mona-

272 863 338 928 cbo
362 872 481 928 nostro
500 864 642 929 fecimus
659 865 823 929 canonice
847 864 1024 940 celebrari,
1049 865 1093 929 ad
1118 866 1223 948 pedes
1247 867 1376 932 sancti-

272 963 355 1027 tatis
384 971 510 1028 vestrae
541 964 774 1043 destinemus3
812 963 976 1045 ipsosque
1018 964 1062 1027 ad
1103 965 1374 1030 confirmationis

272 1080 398 1125 mnnns
419 1081 442 1124 a
470 1061 552 1125 sede
577 1063 770 1144 apostolica
795 1062 992 1143 petendum,
1018 1068 1054 1126 et
1080 1063 1123 1126 ad
1149 1063 1220 1126 alia
1245 1063 1373 1127 dictam

273 1160 475 1225 electionem
503 1170 657 1224 nostram
687 1161 925 1241 contingentia
954 1161 1182 1244 expedienda,
1210 1181 1375 1244 procura-

272 1265 367 1321 tores
384 1265 522 1323 nostros
545 1261 795 1324 constituimus.
849 1259 981 1323 Ratnm
1000 1266 1036 1324 et
1059 1267 1198 1342 gratum
1221 1262 1373 1324 habituri

272 1357 365 1438 quod
396 1377 457 1439 per
490 1357 585 1439 ipsos
616 1359 673 1423 vel
703 1378 821 1422 eorum
855 1359 1001 1430 alterum
1030 1360 1066 1421 in
1097 1359 1191 1423 dicto
1221 1362 1373 1442 negoti0,

272 1455 408 1520 ratione
446 1458 589 1538 praevia,
627 1456 732 1521 fuerit
763 1457 974 1538 expeditum.
1026 1456 1156 1522 Valeat
1186 1465 1221 1522 et
1255 1460 1374 1540 vigeat

271 1560 396 1618 sancta
416 1555 608 1635 paternitas
627 1562 744 1619 vestra
761 1574 898 1637 semper
914 1556 950 1618 in
968 1555 1140 1620 Domino!
1191 1556 1372 1622 Venerunt

272 1652 381 1733 igitur
396 1653 440 1715 ad
463 1653 593 1717 curiam
612 1654 806 1718 Romanam
831 1654 923 1736 apud
942 1653 1138 1732 Perusium,
1161 1663 1208 1732 et,
1234 1656 1372 1720 domino

271 1771 365 1834 papa
390 1750 564 1815 humiliter
588 1752 754 1829 salutato,
777 1752 923 1816 formam
949 1753 1127 1818 electionis
1143 1762 1178 1818 ct
1199 1756 1248 1818 rei
1264 1763 1372 1836 gestae

273 1851 395 1914 seriem
415 1851 482 1914 sub
504 1850 559 1914 bis
580 1851 689 1914 literis
714 1858 911 1915 contentam
932 1859 1251 1934 praesentavcrunt3
1274 1855 1372 1919 ‘Re-

272 1950 520 2014 verendissimo
542 1950 680 2014 domino
706 1957 741 2014 et
762 1951 856 2032 patri
878 1950 914 2013 in
932 1949 1071 2014 Christo
1093 1953 1270 2017 carissimo
1286 1952 1373 2017 Gre-

272 2048 383 2129 gorio,
400 2048 467 2111 Dei
484 2051 600 2130 gratia
618 2069 753 2113 summo
774 2049 942 2130 pontifici,
967 2050 1083 2114 devoti
1106 2051 1168 2114 filii
1189 2051 1255 2128 sui,
1278 2053 1373 2134 prior

273 2154 310 2211 et
324 2154 516 2212 conventus
532 2150 646 2213 sancti
664 2147 805 2224 Albani,
830 2155 901 2211 tam
920 2149 1079 2213 devotam
1100 2169 1203 2231 quam
1222 2150 1372 2215 debitam

272 2263 351 2309 cnm
377 2246 504 2328 pedum
534 2247 654 2311 osculo
682 2247 920 2311 reverentiam.
972 2248 1058 2312 Cum
1084 2248 1230 2312 ecclesia
1256 2257 1375 2314 nostra

273 2364 338 2425 per
349 2345 528 2408 decessum
541 2347 747 2411 venerabilis
762 2347 872 2428 patris
882 2346 1061 2423 Willelmi,
1076 2348 1175 2410 bonae
1190 2349 1375 2425 memoriae,

273 2444 447 2524 qnondam
471 2445 609 2509 abbatis
629 2446 748 2522 nostri,
772 2446 833 2527 qui
850 2445 942 2509 viam
958 2447 1128 2510 universae
1144 2448 1257 2510 carnis
1273 2455 1374 2512 sexto

273 2542 436 2606 calendas
453 2544 575 2607 Martii
599 2552 653 2608 est
671 2545 860 2625 ingressus,
881 2545 1031 2625 pastoris
1055 2545 1180 2609 solatio
1209 2547 1374 2610 existeret

273 2640 453 2716 destituta,
474 2643 665 2706 certificato
679 2662 785 2723 super
801 2643 866 2707 boc
883 2643 1020 2706 domino
1035 2651 1154 2708 nostro
1169 2664 1261 2726 rege,
1280 2645 1372 2727 ipso·

273 2757 342 2819 qne
372 2739 472 2800 nobis
503 2739 651 2819 eligendi
682 2739 857 2803 licentiam
896 2742 1117 2818 concedente,
1159 2759 1234 2820 nee,
1268 2751 1372 2825 prout

274 2837 450 2918 potuimus
475 2838 578 2900 citius
601 2846 636 2902 et
659 2838 867 2920 expeditius,
885 2839 1041 2904 volentes
1067 2841 1257 2905 animarum
1282 2843 1373 2924 peri·

272 2935 361 2998 cnlis
389 2954 568 3000 occurrere
591 2944 627 3001 et
654 2937 808 3000 ecclesiae
833 2945 961 3003 nostrae
986 2938 1268 3004 indemnitatibus
1292 2961 1371 3022 pro·

272 3034 400 3111 videre,
418 3034 472 3097 bis
496 3036 654 3099 omnibns
678 3037 775 3118 prius
792 3039 857 3099 sub
878 3039 1086 3119 competenti
1107 3039 1190 3103 data
1209 3039 1375 3104 dilatione

274 3134 441 3210 evocatis,
458 3136 519 3216 qni
541 3134 733 3198 debuerunt
756 3142 792 3199 et
806 3135 991 3200 voluerunt
1016 3144 1270 3219 potueruntque
1292 3158 1374 3202 nos·

274 3239 340 3295 trae
370 3233 529 3297 electioni
559 3234 735 3297 commode
764 3234 943 3310 interesse,
972 3234 1016 3298 ad
1049 3236 1244 3317 eligendum
1275 3237 1374 3300 nobis

273 3338 449 3412 pastorem
479 3332 569 3396 diem
595 3340 726 3396 certum
756 3333 969 3414 praefiximns
999 3335 1035 3396 in
1062 3337 1212 3399 crastino
1240 3355 1374 3398 annun-

272 3429 436 3494 ciationis
456 3431 569 3494 beatae
591 3430 761 3513 Virginis.
813 3430 1029 3496 Adveniente
1054 3442 1171 3499 autem
1198 3433 1264 3510 die,
1289 3453 1374 3517 prae-

273 3527 430 3592 sentibus
451 3528 517 3605 bis,
544 3531 603 3610 qui
629 3538 772 3613 propter
796 3529 861 3595 hoc
881 3531 1019 3594 fuerant
1041 3533 1188 3610 evocati,
1214 3533 1372 3615 aliisque,

275 3633 426 3689 tractare
445 3627 615 3706 coepimus
637 3636 672 3691 et
689 3629 853 3692 conferre.
907 3630 965 3706 Et,
984 3630 1065 3712 quia
1082 3651 1136 3694 res
1153 3631 1319 3714 praedicta
1332 3651 1374 3694 eo

275 3723 332 3787 die
351 3743 420 3787 non
444 3725 558 3806 potuit
575 3725 743 3806 expediri,
766 3726 803 3787 in
826 3728 992 3805 crastino,
1017 3737 1057 3792 ut
1080 3730 1122 3793 de
1145 3729 1264 3794 codem
1284 3737 1375 3793 trac-

274 3829 439 3901 taremus,
463 3823 609 3905 ingressi
633 3843 751 3888 snmus
777 3825 968 3908 capitulum
995 3829 1144 3907 itcrat03
1175 3836 1210 3892 et
1234 3828 1372 3904 ibidem,

272 3931 354 4004 post
368 3922 436 3986 Dei
450 3920 666 3988 clementiam
683 3943 787 4007 super
803 3924 869 3989 boc
884 3924 1150 3990 misericorditer
1163 3927 1373 4004 invocatam,

274 4027 425 4084 tractare
453 4024 623 4104 coepimus
657 4024 699 4087 de
730 4022 920 4106 praemisso.
974 4024 1020 4088 Et
1051 4026 1191 4089 tandem
1215 4025 1252 4088 in
1285 4025 1374 4090 hanc

272 4119 421 4200 eligendi
449 4140 545 4203 spem
571 4121 655 4184 viris
685 4123 785 4185 bonis
819 4122 861 4186 de
890 4122 1037 4203 collegio
1070 4131 1188 4188 nostro
1218 4125 1374 4205 plenaria

271 4216 355 4282 data
375 4219 488 4283 fuerat
513 4228 666 4302 potestas
693 4228 728 4285 et
753 4220 892 4300 collata,
918 4221 1010 4303 quod
1035 4220 1101 4303 ipsi
1129 4242 1192 4305 pro
1214 4223 1371 4286 omnibus
