3150 4992
608 460 808 508 nncrrouns
831 455 964 506 varin.
1268 443 1337 507 265

278 642 460 717 restitutis,
485 643 537 706 ita
553 644 645 724 quod
672 650 787 707 essent
804 641 923 706 omnia
944 641 979 705 in
998 662 1039 707 eo
1064 648 1160 705 statu
1180 650 1215 706 et
1233 642 1336 707 liber-

280 749 350 806 tate
374 761 445 824 qua
467 749 567 806 erant
584 742 639 806 die
663 761 733 824 qna
749 743 926 822 ingressus
943 747 996 805 cst
1013 742 1202 806 civitatem.
1254 741 1335 823 Ipse

280 841 421 904 tandem
442 840 516 905 fieri
538 843 705 924 praecepit
729 840 916 904 secundum
943 839 1035 923 quod
1062 841 1336 922 postulabamuS,

279 939 345 1003 sed¹
362 959 432 1002 non
450 947 504 1003 est
524 939 660 1003 effectui
684 941 939 1021 mancipatum
965 941 1210 1021 supposuimus
1228 941 1337 1022 igitur

281 1038 458 1103 civitatem
469 1039 664 1103 interdicto.
701 1038 836 1103 Videns
850 1038 957 1120 igitur
971 1038 1137 1102 malitiam
1156 1058 1252 1103 suam
1268 1059 1336 1102 non

281 1156 383 1220 posse
405 1137 590 1219 procedere
618 1156 879 1220 usquequaque,
903 1157 1034 1202 moram
1056 1138 1092 1200 in
1111 1144 1204 1202 terra
1226 1138 1337 1202 noluit

281 1236 418 1300 trahere
450 1237 639 1317 longiorem
655 1235 678 1316 ς’
698 1236 781 1313 imo,
813 1256 854 1300 ac·
882 1238 912 1300 si
943 1244 1054 1301 totum
1083 1237 1250 1301 niteretur
1277 1237 1336 1300 de-

281 1342 427 1414 struere,
455 1335 600 1398 balistas
629 1343 666 1399 et
689 1341 884 1420 armaturas
912 1355 933 1399 a
960 1335 1065 1417 longo
1092 1343 1245 1418 tempore
1274 1356 1337 1418 pro

282 1434 479 1498 defensione
499 1441 600 1497 terrae
626 1442 821 1498 reservatas
837 1435 929 1516 apud
946 1432 1070 1498 Acbon
1085 1434 1167 1498 fecit
1191 1434 1280 1500 clam
1301 1436 1337 1498 in

283 1535 430 1597 navibus
443 1532 580 1615 deponi,
592 1541 627 1597 et
638 1535 739 1615 plura
750 1532 901 1597 Soldano
919 1535 1122 1616 Babyloniae
1138 1535 1338 1612 transmitti,

285 1633 383 1714 quasi
401 1652 482 1696 caro
499 1652 574 1697 suo.
626 1632 673 1696 Et
686 1633 827 1697 mittens
843 1632 880 1696 in
897 1631 1049 1715 Cyprum
1066 1633 1232 1715 quosdam
1249 1633 1338 1697 mili·

284 1741 337 1794 tes
359 1751 441 1794 suos
465 1731 636 1818 secit'non
660 1732 903 1814 minimam'ab
926 1732 1047 1797 incolis
1072 1732 1256 1814 pecuniam
1277 1752 1340 1799 ex„

285 1831 457 1914 torqueri3
482 1838 532 1915 et,
548 1830 640 1913 quod
660 1830 851 1895 mirabilius
876 1832 975 1894 nobis
992 1831 1186 1908 videbatur,
1207 1831 1339 1912 galeias

234 1940 236 1946 '
285 1949 372 2012 quas
388 1931 501 2012 potuit
512 1949 628 1993 secum
644 1930 780 1993 trahere
796 1929 980 1994 destruxit.
1024 1929 1127 2008 Quod
1144 1950 1222 1994 cum
1240 1930 1339 1994 audi·
1445 1927 1448 1932 ’

283 2019 408 2106 vimuS,
433 2029 597 2094 duximus
624 2048 701 2092 eum
729 2048 833 2110 super
864 2028 929 2093 boc
957 2030 1220 2096 admonendum.
1271 2029 1339 2094 Sed
1403 2083 1406 2090 ,

286 2129 372 2210 ipse,
389 2129 624 2195 admonitione
645 2135 762 2210 spreta
781 2127 938 2192 simulet
954 2129 1177 2206 correctione,
1192 2129 1341 2194 latenter
1378 2195 1380 2200 ,

287 2228 375 2291 sesto
398 2229 633 2310 apostolorum
649 2226 802 2309 Philippi
821 2234 855 2290 ct
871 2226 894 2290 J
897 2229 1004 2304 acobi,
1022 2247 1084 2309 per
1101 2229 1214 2292 vicum
1231 2247 1340 2293 secre-

289 2336 360 2390 tum
377 2335 412 2391 et
425 2336 563 2410 portum
579 2327 727 2408 galeiam
744 2328 877 2390 intrans
895 2347 1015 2390 versus
1033 2326 1185 2412 Cyprum
1200 2328 1341 2392 festina·

288 2426 350 2503 vit,
379 2427 513 2491 nemine
540 2428 705 2503 salutato,
733 2425 757 2489 J
759 2445 872 2508 oppen
902 2427 1098 2508 relinquens
1127 2427 1341 2504 destitutam,

288 2545 462 2606 nunquam
487 2526 618 2589 utinam
643 2525 826 2588 rediturus
878 2524 1030 2608 Jamjam
1054 2545 1076 2589 a
1097 2525 1235 2590 ballivis
1258 2526 1341 2590 dicti

288 2625 430 2688 Soldani
451 2625 692 2688 intercluditur
717 2625 832 2688 exitus
861 2631 963 2688 extra
987 2644 1104 2689 muros
1133 2626 1341 2707 pauperihus

290 2724 495 2788 Christianis
513 2743 553 2788 ac
572 2724 747 2807 Syrianis3
769 2724 887 2806 plures
910 2725 1027 2806 itaque
1043 2725 1078 2787 in
1095 2724 1153 2788 via
1170 2726 1342 2807 peregrini

288 2823 495 2886 defecerunt.
549 2823 638 2886 Haec
656 2830 691 2887 et
706 2823 816 2887 multa
829 2824 910 2900 alia,
929 2843 1007 2905 quae
1022 2815 1247 2905 relinquimus
1263 2825 1341 2889 aliis

289 2922 491 2999 enarranda,
511 2941 589 3003 quae
610 2922 758 2984 mundus
777 2923 886 2998 novit,
909 2923 1080 2991 commisit
1097 2924 1284 3005 imperator
1305 2925 1341 2988 in

289 3021 406 3085 Terrae
419 3029 550 3085 sanctae
564 3029 599 3085 et
613 3022 737 3084 animae
755 3039 828 3083 suae
842 3020 1104 3100 detrimentum3
1131 3041 1210 3104 quee
1224 3022 1343 3086 Domi·

290 3140 355 3184 nus
388 3123 582 3196 miseratus,
616 3139 695 3182 cum
729 3119 909 3202 placuerit,
944 3120 1104 3201 dignetur
1137 3128 1340 3202 temperare.

290 3219 437 3284 Valete!
489 3219 579 3283 Haec
597 3225 712 3282 autem
728 3209 888 3300 epistola,
903 3236 980 3280 cum
999 3218 1042 3282 ad
1058 3218 1268 3283 audientiam
1286 3239 1343 3284 oc-

288 3319 509 3383 cidentalium
529 3319 737 3400 perveniret,
759 3337 829 3380 non
851 3317 1066 3382 mediocriter
1086 3318 1213 3382 famam
1237 3319 1344 3401 impe·

289 3419 407 3481 rialem
425 3416 621 3482 obfuscavit
638 3423 673 3480 et
688 3417 874 3480 multorum
894 3416 1045 3480 favorem
1063 3416 1201 3481 ademit.
1244 3417 1344 3500 Papa

289 3525 405 3581 autem
433 3517 476 3581 ad
504 3517 581 3601 ejus
608 3516 837 3600 dejectionem
864 3515 1063 3596 diligentius
1095 3517 1199 3581 solito
1229 3517 1343 3582 insur-

289 3617 392 3692 rexit,
407 3624 442 3681 et
457 3617 651 3682 collectioni
665 3616 823 3698 pecuniae
838 3614 948 3679 hiavit
962 3615 1108 3680 avidius.

250 3759 306 3794 rio.
330 3756 382 3794 uri.
873 3775 875 3780 -

240 3822 314 3894 198,
331 3821 384 3894 24,
402 3819 590 3903 ariowa-
640 3825 676 3882 et
698 3817 887 3882 notabilem
911 3836 988 3881 eam
1014 3816 1144 3881 fecerat
1170 3816 1343 3882 invective

401 3937 452 3980 sus
662 3925 697 3981 et
730 3917 972 4000 reprehensiva
1015 3916 1058 3981 de
1089 3917 1277 3980 insatiabili
1308 3924 1344 3980 et

662 4016 836 4080 simoniali
862 4016 1021 4081 avaritia.
1073 4016 1245 4098 Egressus
1278 4035 1341 4079 au-

663 4123 744 4181 tem.

238 4284 289 4296 -
333 4244 388 4318 30,
405 4251 434 4304 et
641 4259 718 4322 quae
737 4240 855 4305 etiam.
