3150 4992
256 427 322 492 128
630 445 829 494 enumerans
852 445 986 494 marn.

258 567 315 604 ΡΜ.
353 567 404 604 ult.

256 632 310 705 89,
376 633 409 703 9,
425 627 484 692 ribi
659 631 804 696 scilicet.

255 789 308 801 -
352 755 403 830 ll,
422 755 517 818 (lirae
544 756 609 821 dios
660 755 704 819 In
712 756 762 819 Oa.
771 753 1202 821 andB.tbus:‘Circudies
1211 755 1290 818 illos
1301 775 1363 818 rex

422 854 494 916 istor
680 852 724 919 de
742 854 907 919 Marrocb
922 874 998 917 eum
1016 855 1146 934 regulis
1163 855 1308 935 triginta
1326 862 1362 919 et

679 954 920 1017 innumerabili
930 972 1145 1036 paganorum
1154 955 1361 1029 exercituin

678 1073 748 1136 qno
759 1073 823 1117 sex
835 1054 947 1117 decies
958 1059 1097 1117 centum
1111 1054 1220 1116 millia
1233 1072 1360 1135 pagan-

679 1172 778 1216 orum
794 1153 903 1216 fuisse
928 1152 1161 1235 perhibentur,
1179 1171 1224 1216 ex
1242 1151 1361 1216 Africa

679 1271 907 1333 prorumpens
918 1252 954 1314 in
962 1250 1169 1333 Hispaniam
1182 1252 1361 1333 applicuit,

680 1359 808 1414 terram
824 1353 916 1431 regis
936 1352 1025 1434 petit
1041 1351 1236 1434 Hispaniae,
1256 1350 1361 1414 alias-

679 1470 747 1532 que
763 1451 961 1533 provincias
978 1451 1261 1525 exterminantes»,
1283 1456 1359 1513 tan-

677 1549 755 1613 dem
768 1549 953 1613 audierunt
965 1549 1057 1630 quod
1073 1550 1254 1632 proposuit
1268 1568 1360 1631 papa

678 1656 870 1713 convocato
880 1649 1026 1712 concilio
1036 1649 1232 1730 generalem
1245 1668 1360 1712 cruce·

677 1747 906 1828 signationem
932 1756 1131 1813 construere
1150 1755 1272 1812 contra
1288 1767 1357 1825 eos,

678 1848 733 1910 oui
753 1848 923 1911 exercitui
942 1867 1091 1929 praeesse
1111 1846 1276 1910 debuerat
1295 1866 1359 1910 rex

680 1946 873 2027 Anglorum
890 1947 1085 2010 Richardus
1107 1948 1358 2027 magnanimus

678 2046 779 2128 eujus
805 2045 898 2109 fama
917 2045 992 2129 jam
1022 2053 1134 2109 totum
1166 2046 1359 2127 repleverat

677 2145 845 2209 orientem
865 2154 901 2210 et
917 2146 1021 2209 etiam
1040 2144 1167 2208 multos
1188 2152 1359 2208 terruerat

678 2243 888 2322 Affricanos‚
910 2244 1035 2326 quibus
1056 2250 1139 2307 nota
1161 2243 1226 2307 fuit
1250 2251 1286 2306 et
1304 2244 1356 2306 in-

677 2344 868 2408 carceratio
895 2351 930 2408 et
953 2334 1168 2419 deliberatio,
1202 2349 1237 2405 et
1265 2342 1357 2424 quod

677 2444 781 2508 etiam
797 2463 913 2525 regem
932 2442 1143 2507 Francorum
1164 2449 1287 2524 postea
1301 2462 1359 2506 oo-

676 2551 797 2623 egerat
820 2544 974 2606 retroire.
1026 2539 1155 2605 Omnes
1175 2540 1282 2622 igitur
1305 2542 1357 2603 in-

676 2641 808 2704 creduli
824 2641 867 2704 ad
882 2640 1022 2724 propria
1037 2646 1120 2704 sunt
1134 2641 1306 2722 regressi’

252 2803 305 2816 -
347 2801 391 2813 —-
412 2765 545 2830 Muroal
653 2764 747 2828 addit
781 2764 908 2842 Paris„
945 2765 1218 2848 potentissimus,
1253 2785 1356 2847 quem

678 2863 898 2928 ‘Mirabilem
938 2865 1076 2928 mnndi’
1118 2864 1259 2945 vulgus,
1301 2864 1355 2929 vel

676 2963 768 3045 quod
789 2963 913 3027 melius
929 2962 1179 3027 ‘Admiralium
1201 2963 1355 3026 Murme-

675 3062 749 3140 lin,’
760 3063 796 3126 id
810 3061 1122 3128 est‘Admiralium
1139 3063 1355 3127 bellicosum’

675 3169 711 3227 et
727 3163 948 3227 victoriosmn
965 3162 1168 3226 nominavit.

251 3325 303 3337 -
348 3289 401 3362 15,
407 3306 605 3372 papauerum
652 3287 770 3352 derunt.

363 3434 371 3449 .
383 3433 390 3448 .
397 3405 604 3471 prorumpens

252 3547 303 3560 —
348 3507 400 3586 17,
411 3509 493 3594 patr
517 3555 575 3571 ...
595 3554 603 3571 .
652 3509 754 3574 dictae
765 3518 887 3591 petens
899 3508 1083 3591 Hispaniae
1093 3506 1354 3584 vastavit,elias

412 3606 573 3692 plurimus
674 3627 813 3691 quoque
829 3607 1027 3690 provincias
1043 3606 1171 3690 plures·

253 3773 304 3786 -
348 3731 400 3807 19,
418 3737 541 3794 tuntum
652 3730 902 3796 tantummodo.

252 3897 304 3912 ...
347 3856 400 3932 23,
416 3851 603 3939 perturbato
652 3852 859 3916 contremuit
870 3850 1086 3915 conturbata.
1116 3849 1352 3913 Istamautem

417 3963 461 4018 est
479 3952 562 4018 oule-
675 3951 742 4016 Dei
763 3951 850 4016 iram
878 3969 1048 4032 aquarum
1073 3949 1240 4013 diluvium
1268 3968 1355 4030 prae·

419 4061 533 4118 monor
673 4051 839 4132 signavit,
859 4068 937 4131 quae
955 4056 1091 4130 segetes
1110 4048 1281 4112 suffocans
1296 4067 1354 4111 va·

673 4148 776 4214 lidam
791 4149 915 4213 famem
933 4148 1122 4230 generavit.
