3150 4992
259 455 325 520 284
629 464 828 512 nncrrouns
855 463 986 512 vunnu.

274 595 330 630 ΡΛΘ.
357 593 408 628 [ΙΝ.

261 659 334 731 269,
375 656 405 729 6,
423 654 546 738 offam
563 652 609 714 oi
660 649 830 713 vidissent
857 649 1056 730 vestigium,
1093 657 1272 730 suspectas
1307 650 1371 712 ba-

428 753 542 816 durat
681 748 802 811 bentes
827 747 1097 812 Pictaviensium
1125 748 1263 812 innatas
1286 769 1366 812 ver-

682 847 803 911 sutias

261 1016 311 1027 -
356 977 409 1048 20,
422 970 601 1057 amyotam
662 976 875 1051 satagentes,
900 968 944 1033 ad
965 969 1050 1032 illud
1074 989 1210 1046 nomen,
1228 971 1321 1052 quod
1335 973 1368 1034 ei

683 1089 745 1152 per
753 1068 927 1150 quoddam
941 1069 1150 1150 praesagium
1167 1069 1286 1132 datum
1301 1077 1369 1146 est,

683 1167 817 1231 scilicet
837 1166 860 1230 J
863 1167 1016 1232 ohannes
1037 1169 1199 1244 extorris,
1213 1168 1284 1232 sere
1308 1169 1368 1231 de-

684 1274 873 1331 truserunt.

263 1436 313 1446 -
359 1396 413 1468 25,
427 1393 495 1454 Rea
514 1399 615 1454 autem
657 1391 826 1475 jactitans
849 1409 887 1453 se
910 1389 1056 1454 arduum
1080 1398 1115 1454 et
1138 1410 1208 1454 non
1223 1389 1369 1453 scurrile

683 1489 773 1554 velle
786 1497 822 1553 et
838 1490 926 1552 seire
942 1490 1024 1553 dare
1039 1490 1231 1566 consilium,
1247 1495 1369 1570 utpote

685 1589 746 1669 qni
774 1587 962 1670 aliquando
987 1588 1169 1651 consilium
1196 1589 1232 1651 in
1262 1588 1368 1669 parti-

686 1687 751 1750 bus
774 1687 998 1750 orientalibus
1021 1688 1113 1751 rexit
1126 1687 1316 1769 imperiale,
1333 1693 1369 1750 et

686 1786 778 1868 quod
796 1793 868 1849 tam
884 1786 1065 1850 Saracenis
1085 1805 1188 1868 quam
1209 1786 1286 1850 aliis
1308 1803 1368 1848 na-

687 1885 840 1948 tionibus
855 1891 930 1948 erat
953 1884 1138 1966 prudentia
1155 1885 1231 1969 ejus
1252 1884 1368 1947 formi-

687 1983 822 2047 dabilis.
865 1983 945 2047 Rex
956 1991 1084 2062 autem,
1094 1985 1130 2047 in
1146 1992 1278 2066 partem
1292 1983 1369 2066 jam

688 2101 847 2147 reversus
862 2082 1075 2147 deteriorem.

269 2247 320 2258 —-
364 2211 416 2283 31,
434 2205 609 2270 tradoretur
666 2208 857 2289 puniretur.

271 2332 345 2410 270,
363 2335 417 2405 15,
431 2351 532 2394 sorore
545 2350 602 2393 sua
668 2348 786 2393 sorore
801 2348 866 2393 sua
883 2328 1044 2393 Isabella.

270 2497 320 2507 -
365 2457 417 2530 25,
434 2453 548 2517 sorori
561 2475 621 2518 snae
669 2452 852 2530 foemineis,
870 2459 945 2516 erat
964 2453 1055 2517 enim
1074 2454 1128 2517 vir
1145 2454 1270 2518 nobilis
1291 2475 1372 2537 peo-

692 2551 787 2614 toris.

271 2717 322 2729 -
367 2675 421 2748 26,
437 2674 565 2738 otendit
670 2672 877 2735 ostendisset
891 2673 1025 2739 mulier.

273 2798 349 2872 271,
368 2800 420 2872 15,
434 2796 609 2859 Marmol-
670 2793 763 2858 addit
781 2794 907 2873 Paris,
925 2797 1023 2861 miles
1038 2798 1326 2881 incomparabilis.

437 2895 485 2958 lus

273 3064 323 3074 -
368 3023 419 3096 18,
437 3020 491 3104 qui
504 3021 548 3084 eis
563 3021 623 3084 ad·
672 3037 742 3080 non
768 3017 989 3098 ignobilibus
1018 3019 1084 3082 sibi
1104 3039 1145 3083 eo
1166 3019 1375 3085 adhaerenti-

438 3118 589 3183 bornam
694 3118 771 3179 bus.

273 3288 324 3297 -
369 3247 423 3321 19,
438 3265 492 3308 m·
672 3255 733 3299 rex
752 3234 892 3316 Angliae
906 3235 1092 3303 Henricus.

274 3408 324 3418 -
369 3368 421 3442 21,
439 3365 525 3430 dedit
672 3358 765 3421 addit
788 3359 912 3435 Paris,
937 3360 1067 3424 addens
1092 3362 1245 3426 dolorem
1271 3381 1377 3445 super

695 3457 860 3534 dolorem,
886 3459 1030 3523 vulnera
1048 3461 1272 3543 imprimendo
1297 3463 1375 3525 vnl—
1477 3445 1486 3468 ¹

695 3557 846 3620 neribus

275 3715 326 3725 —
370 3680 422 3753 35,
440 3677 627 3741 Norwolliae
675 3683 826 3748 Walliae.

276 3797 351 3875 272,
393 3802 647 3885 Leoatmreqom
675 3804 791 3869 dormit.

275 3962 325 3972 —
392 3928 424 4002 3,
439 3945 575 4008 ossam
675 3928 764 3993 deest.

439 4024 531 4086 tionis

275 4187 325 4196 -
391 4150 423 4223 5,
437 4147 583 4210 omnnio
675 4150 768 4214 addit
794 4152 920 4229 Paris,
938 4161 973 4217 et
993 4174 1037 4217 ex
1063 4155 1227 4220 Flandria
1250 4157 1375 4220 Baldo-

698 4251 809 4314 winus
826 4251 869 4314 de
883 4251 1021 4334 Gysnes
1037 4273 1115 4318 cum
1130 4275 1194 4319 sua
1208 4256 1377 4320 custodia.
