3150 4992
249 459 315 524 158
617 474 819 522 nnorrouns
844 474 978 522 varin.

250 604 325 742 ddd,
342 603 394 742 pp,
412 661 464 726 illi
489 670 561 747 qeet
650 661 742 743 quod
759 662 882 725 missis.

412 783 577 826 messorem

250 891 325 962 209,
343 891 395 962 18,
411 887 558 951 audierat
651 883 810 947 audierat
827 890 862 946 et
877 883 1025 947 viderat.

250 1015 322 1087 212,
363 1009 392 1089 7,
408 1010 599 1074 districtiore
651 1007 861 1072 definitione.

248 1181 299 1191 ..
344 1138 394 1215 10,
412 1136 551 1221 adspiret
649 1129 741 1194 addit
775 1130 901 1206 Paris,
934 1130 1153 1206 summatim,
1185 1131 1259 1195 haec
1287 1131 1354 1195 fuit

671 1250 778 1294 causa
795 1236 830 1293 et
846 1230 1065 1293 seminarium
1084 1232 1219 1294 erroris
1272 1231 1352 1294 Rex

672 1337 837 1412 posuerat
851 1331 991 1393 verbum
1011 1350 1110 1393 suum
1131 1331 1168 1393 in
1188 1351 1247 1394 ore
1270 1331 1352 1398 duo

671 1429 780 1494 decim
788 1428 1031 1493 monachorum
1041 1430 1352 1505 cantuariensium,

672 1537 711 1593 ut
738 1549 977 1612 quemcunque
1005 1530 1172 1610 eligerent
1199 1530 1273 1611 ipse
1294 1550 1353 1594 ac·

670 1637 837 1712 ceptaret.
889 1629 1105 1693 Convenerat
1123 1637 1239 1693 autem
1261 1631 1352 1694 inter

671 1747 786 1809 regem
814 1736 850 1793 et
875 1748 947 1807 eoa,
972 1728 1129 1811 praestito
1152 1727 1351 1811 juramento

670 1835 707 1892 et
735 1828 815 1892 fidei
837 1828 1110 1911 interpositione,
1137 1828 1230 1911 quod
1256 1829 1353 1914 nullo

669 1929 772 1992 modo
798 1929 905 1992 alium
926 1948 1030 2011 quam
1056 1928 1251 1992 Johannem
1278 1930 1350 2011 epi-

670 2047 812 2111 scopum
825 2028 1073 2093 Norvicensem
1085 2029 1266 2109 eligerent3
1289 2028 1351 2092 ha-

670 2128 799 2192 bebant
833 2137 868 2192 et
900 2128 1059 2193 similiter
1091 2128 1184 2209 regis
1219 2128 1349 2191 literas.

670 2228 737 2292 Sed
762 2229 830 2310 ipsi
856 2228 1025 2305 monachi,
1043 2236 1226 2310 postquam
1247 2228 1349 2292 intel·

669 2327 831 2392 lexerunt
847 2329 1047 2392 electionem
1072 2327 1155 2391 dicti
1178 2326 1349 2412 Johannis

599 2495 602 2501 ,
669 2447 771 2510 papae
803 2428 902 2491 nimis
930 2427 1113 2510 displicere
1140 2432 1176 2490 et
1195 2420 1347 2504 cassari,

669 2528 935 2608 suggerentibus
966 2526 1198 2590 cardinalibus
1226 2534 1262 2590 et
1288 2527 1350 2590 do-

669 2627 762 2689 mino
785 2646 890 2708 papa,
913 2634 948 2690 et
974 2625 1224 2690 affirmantibus
1245 2626 1348 2689 licere

669 2725 718 2788 eis
741 2726 868 2807 eligere
890 2745 1127 2807 quemcunque
1149 2725 1291 2801 vellent,
1309 2736 1348 2790 ut

667 2833 799 2889 secrete
832 2825 1033 2890 electionem
1064 2822 1287 2902 celebrarent,
1315 2827 1346 2888 si

667 2934 845 2988 strenuum
882 2933 918 2988 ct
953 2925 1127 3007 praecipue
1164 2921 1347 3007 Anglicum

667 3025 846 3106 eligerent,
870 3025 1049 3105 elegerunt
1078 3044 1140 3106 per
1166 3023 1343 3087 consilium

666 3143 767 3207 papae
810 3126 1013 3206 magistrum
1050 3123 1262 3206 Stephanum
1305 3123 1347 3186 de

668 3224 849 3306 Langeton
864 3224 1085 3300 cardinalem,
1103 3243 1172 3305 quo
1186 3243 1255 3287 non
1272 3231 1346 3286 erat

667 3324 777 3406 major
799 3325 836 3387 in
859 3324 966 3399 curia,
991 3324 1060 3385 imo
1081 3343 1144 3386 nec
1167 3324 1198 3386 ei
1224 3343 1287 3405 par
1310 3323 1345 3385 in

666 3425 819 3488 moribus
837 3432 871 3487 et
886 3424 1041 3487 scientia.
1095 3423 1150 3484 Ex
1168 3430 1263 3499 tunc,
1283 3423 1345 3503 igi-

666 3530 735 3599 tur,
760 3543 829 3586 non
854 3523 969 3605 potuit
995 3523 1027 3586 ei
1054 3542 1147 3604 papa
1171 3523 1206 3584 in
1231 3523 1346 3586 multi-

665 3621 766 3685 formi
784 3623 1005 3688 tribulatione
1022 3621 1153 3686 deesse.

242 3792 292 3806 ..
338 3749 389 3825 26,
405 3748 440 3810 ire
457 3765 591 3830 peraeae
643 3746 760 3810 destert.

396 3846 591 3910 ..electionem

242 3977 316 4051 213,
334 3975 385 4048 13,
400 3970 529 4055 suscepit
642 3967 735 4032 addit
754 3965 879 4042 Paris,
902 3966 973 4029 Sub
991 3966 1117 4031 eisdem
1141 3966 1263 4029 diebus
1288 3966 1346 4029 ln-

665 4067 844 4131 nocentius
873 4085 964 4147 papa
989 4067 1132 4148 cupiens
1162 4067 1195 4128 in
1221 4085 1347 4148 propo·

664 4169 731 4231 sito
761 4185 825 4229 suo
856 4185 971 4246 regem
997 4165 1192 4229 Johannem
1220 4165 1346 4229 habere

664 4266 900 4345 favorabilem,
922 4266 1005 4348 quia
1029 4272 1242 4348 cognoverat
1264 4286 1344 4330 eun-
