3150 4992
257 418 301 486 80
635 436 836 486 anemonas
859 437 994 487 varum

256 621 396 686 luminis
426 639 540 704 aquo
564 621 725 700 sumitur,
751 622 802 686 sic
827 621 973 704 aequalis
1001 640 1023 684 a
1043 621 1150 685 Patre
1178 621 1299 699 Filius,
1326 630 1365 686 et

257 722 395 805 utrique
413 721 599 804 coaequalis
620 722 774 804 procedit
794 722 837 786 ab
857 728 1006 805 utroque
1029 721 1178 804 Spiritus
1199 721 1361 786 Sanctus.

259 820 403 884 Modum
427 828 542 884 tamen
568 821 736 902 geniturae
762 830 825 885 aut
847 821 1077 903 processionis
1095 821 1196 884 istius
1212 821 1364 885 humana

258 921 348 985 ratio
362 939 431 984 non
448 921 603 1001 attingit.
648 920 749 985 Unde
760 940 839 984 cum
856 920 970 984 Esaiae
983 920 1027 984 dc
1045 920 1125 983 Filii
1139 922 1362 1001 generatione
1478 941 1481 945 ·
1567 978 1568 987 ,

257 1027 444 1097 constaret,
459 1019 598 1084 modum
615 1021 846 1100 generationis
861 1021 1123 1084 inenarrabilem
1145 1039 1220 1083 esse
1237 1021 1365 1097 sciens,

260 1219 429 1302 propheta
449 1218 485 1281 in
503 1238 651 1302 persona
677 1217 758 1283 Filii
777 1219 820 1282 de
843 1219 908 1282 hac
934 1219 1157 1302 generatione
1177 1218 1228 1282 sic
1251 1219 1364 1302 loqur,

260 1326 329 1395 tur,
347 1319 541 1383 ‘Dominus
556 1317 645 1382 dixit
663 1319 786 1392 adme,
807 1318 917 1382 Filius
934 1337 1030 1382 mens
1053 1337 1091 1381 es
1107 1325 1158 1394 tu,
1172 1338 1238 1399 ego
1261 1318 1362 1381 hodie

259 1419 363 1500 genui
392 1417 449 1482 tc?
516 1416 626 1481 Filius
666 1419 769 1482 etiam
810 1417 925 1482 David
960 1417 1135 1493 Salomon,
1171 1418 1231 1500 qui
1268 1417 1361 1482 dicta

260 1516 406 1581 scientia
433 1525 469 1581 et
497 1516 675 1581 intellectu
701 1516 903 1583 mirabiliter
930 1516 1130 1593 illustravit,
1157 1517 1192 1579 in
1215 1536 1364 1599 persona

261 1616 401 1693 Christi,
423 1615 483 1698 qni
505 1624 571 1693 est,
594 1617 684 1681 sicut
700 1616 834 1681 Paulus
859 1616 955 1690 dicit,
978 1616 1074 1681 ‘Dei
1099 1617 1209 1679 virtus
1238 1625 1272 1679 et
1293 1617 1362 1680 Dei

258 1716 452 1798 sapientia,'
468 1715 503 1779 in
518 1716 606 1781 libro
625 1715 822 1798 Sapientiae,
833 1715 864 1779 si
879 1723 918 1780 tu
933 1735 1011 1780 eum
1029 1716 1185 1797 recipias,
1198 1715 1248 1781 ita
1261 1715 1364 1792 dixit,

259 1815 451 1879 ‘Dominus
476 1815 631 1897 possedit
654 1836 709 1879 me
734 1816 770 1879 in
795 1816 895 1879 initio
918 1816 1053 1880 viarum
1078 1834 1239 1893 suarum3
1268 1823 1365 1878 ante-

260 1934 365 1997 quam
390 1915 520 1978 saccret
542 1916 585 1978 ab
609 1921 750 1992 aeterno,
775 1915 934 1979 ordinata
948 1934 1047 1993 sum3
1071 1922 1258 1996 antequam
1271 1923 1365 1978 terra

260 2014 369 2089 fieret,
383 2033 446 2077 uec
470 2014 550 2077 dum
567 2023 665 2078 erant
681 2015 810 2098 abyssi,
832 2022 867 2078 et
885 2034 951 2096 ego
964 2014 1041 2098 jam
1059 2019 1226 2096 concepta
1242 2033 1363 2091 eram;

261 2114 400 2196 quando
424 2114 644 2197 praeparabat
673 2115 777 2178 oaelos
804 2114 955 2190 aderam,
981 2113 1119 2196 quando
1147 2113 1365 2195 appendebat

260 2213 495 2290 fundamenta,
511 2232 588 2277 cum
605 2233 646 2277 eo
660 2233 767 2291 eram,
780 2220 905 2277 cuncta
921 2212 1130 2295 disponens.'
1170 2211 1365 2295 Apostolus

263 2313 366 2377 etiam
382 2312 514 2376 Paulus
537 2313 680 2394 Spiritui
697 2312 839 2389 Sancto,
856 2313 961 2376 immo
981 2313 1046 2376 toti
1066 2312 1242 2389 Trinitati,
1265 2313 1365 2377 testi-

259 2413 410 2476 mouium
427 2412 582 2494 perhibet
594 2412 723 2489 dicens,
734 2419 744 2448 ‘
757 2412 859 2476 Misit
872 2412 1032 2494 spiritum
1047 2410 1126 2475 Filii
1140 2411 1194 2475 sui
1210 2413 1246 2474 in
1256 2413 1362 2476 corda

260 2511 403 2585 nostra,'
427 2518 462 2574 et
478 2517 624 2589 caetera3
647 2518 682 2574 et
696 2511 789 2588 alibi,
806 2511 866 2575 ‘Si
888 2512 1030 2594 spiritns
1052 2510 1140 2594 ejus,
1155 2511 1221 2594 *qui
1240 2510 1264 2574 J
1267 2530 1364 2575 esum

261 2609 456 2685 suscitavit,
476 2609 611 2673 habitat
634 2610 669 2672 in
692 2611 803 2687 vobis,
826 2610 1016 2674 vivificabit
1043 2618 1079 2675 et
1101 2610 1263 2675 mortalia
1289 2630 1366 2675 cor-

262 2727 349 2791 pora
374 2715 491 2772 vestra
518 2728 579 2790 per
608 2707 856 2773 inhabitantem
881 2711 1039 2792 spiritum
1071 2709 1146 2793 ejus
1175 2710 1212 2773 iu
1240 2709 1362 2774 vobis.'

262 2807 300 2871 Si
324 2805 454 2871 Christi
480 2807 712 2872 testimonium
737 2809 780 2872 de
806 2809 940 2872 unitate
963 2809 1122 2872 essentiae
1148 2816 1183 2873 et
1204 2829 1368 2891 persona-

262 2925 338 2968 rum
354 2906 508 2971 trinitate
524 2906 708 2982 desideras,
731 2907 806 2990 ipse
828 2908 864 2971 in
887 2908 1069 2989 evangelio
1091 2907 1186 2984 dicit,
1202 2914 1212 2942 ‘
1228 2908 1304 2990 Ego
1327 2917 1363 2972 et

264 3004 371 3070 Pater
389 3024 494 3069 unum
511 3006 653 3070 snmus!
699 3005 859 3070 Christus
873 3006 1051 3090 discipulis
1066 3006 1138 3069 suis
1154 3006 1257 3083 dixit,
1275 3007 1366 3084 ‘Ite,

261 3105 437 3187 baptizate
468 3125 585 3171 omnes
611 3114 733 3188 gentes
764 3107 801 3170 in
824 3107 960 3170 nomine
985 3105 1116 3182 Patris,
1146 3112 1181 3169 et
1206 3107 1297 3183 Filii,
1329 3116 1365 3170 et

263 3205 412 3288 Spiritus
439 3204 581 3270 Sancti.'
633 3205 721 3269 Cum
748 3207 854 3288 igitur
877 3206 979 3271 bomo
999 3204 1204 3287 perdidisset
1225 3214 1365 3288 propter

260 3302 527 3370 inobedientiam
558 3304 781 3387 paradysum,
814 3313 850 3370 et
876 3304 1063 3368 infernales
1100 3305 1257 3368 miserias
1289 3325 1363 3387 per-

263 3411 367 3485 petuo
390 3405 582 3479 meruisset,
603 3402 727 3468 missus
751 3410 805 3468 est
826 3424 849 3467 a
873 3404 980 3468 Patre
1003 3402 1126 3481 Filius,
1152 3404 1364 3486 dignumque

263 3501 329 3564 fuit
356 3508 396 3564 ut
419 3502 614 3564 mitteretur
645 3501 754 3566 Filius
780 3509 816 3568 et
839 3523 909 3566 non
938 3503 1055 3568 Pater.
1109 3502 1195 3567 Cum
1224 3503 1312 3566 enim
1342 3522 1365 3566 a

263 3600 359 3662 nullo
374 3606 466 3664 esset
481 3599 599 3675 Pater,
618 3599 729 3666 Filius
751 3601 795 3664 ab
812 3602 941 3685 aliqu0,
958 3602 1217 3667 convenientius
1234 3608 1309 3666 erat
1325 3610 1365 3666 nt

263 3699 406 3762 haberet
436 3698 472 3760 in
504 3705 657 3780 tempore
688 3706 844 3778 matrem,
873 3701 932 3782 qui
963 3703 1008 3766 ab
1039 3709 1168 3765 aeterno
1197 3701 1365 3766 habuerat

263 3797 416 3861 Patrem.
469 3795 556 3860 Cum
583 3805 699 3861 autem
720 3800 887 3882 scriptum
908 3807 1001 3865 essct
1017 3800 1053 3863 in
1079 3801 1213 3883 psalmo
1237 3801 1364 3878 David,

262 3896 368 3960 ‘Non
387 3896 514 3978 estqui
535 3905 569 3960 te
587 3896 743 3975 redimat,
768 3906 907 3963 nonest
927 3901 986 3982 qui
1005 3900 1139 3963 salvum
1159 3900 1277 3977 faciat,
1295 3920 1365 3963 non

178 4041 186 4050 -
262 4002 315 4060 est
339 3995 398 4077 qui
423 3994 528 4059 faciat
545 3996 684 4073 bonum,
713 4017 781 4062 non
805 4005 982 4081 estusque
1001 3999 1045 4062 ad
1062 3999 1191 4074 unum,'
1218 4018 1287 4064 non
1312 4005 1366 4064 est

263 4095 322 4177 qui
347 4094 405 4158 det
429 4094 658 4176 placationem
683 4116 746 4179 pro
773 4099 889 4160 anima
904 4117 986 4175 sua,
1002 4119 1045 4162 ne
1068 4099 1149 4162 dum
1164 4118 1228 4181 pro
1250 4099 1365 4163 anima

262 4193 387 4270 aliena,
418 4194 544 4258 missus
574 4203 627 4259 est
656 4215 677 4258 a
710 4197 785 4262 Deo
818 4197 925 4262 Patre
956 4198 1075 4274 Filius,
1102 4206 1142 4262 ut
1169 4197 1272 4262 homo
1302 4217 1366 4280 pro
