3150 4992
533 491 536 496 .
609 455 812 503 inarmans
834 455 968 504 vania.
1298 441 1341 505 81

234 637 371 700 homine
392 637 587 715 moriretur,
612 658 676 721 pro
693 639 832 702 homine
856 639 997 723 captivo
1022 639 1188 704 tributum
1217 641 1340 705 mortis

234 744 399 820 tanquam
417 738 520 801 homo
538 738 745 815 exsolveret,
763 758 910 820 eumque
926 746 1091 823 tanquam
1110 739 1207 804 Deus
1221 741 1340 804 caeles-

234 837 280 900 tis
293 842 466 918 potestate
480 838 673 903 redimeret.
717 837 836 922 Hujus
854 838 1041 903 adventum
1058 839 1339 904 desideraverant

234 937 451 1018 patriarchae,
476 938 714 1019 praedixerunt
738 937 930 1021 prophetae,
956 946 1060 1020 atque
1088 938 1181 1001 illius
1202 938 1338 1003 dilatio·

234 1055 313 1098 nem
345 1037 566 1119 impatienter
600 1038 809 1102 sustinentes
840 1038 981 1120 querela
1012 1039 1214 1102 continuata
1246 1038 1339 1103 dice-

233 1135 331 1213 bant,
358 1135 531 1215 ‘Quando
561 1136 699 1201 veniett
733 1137 874 1218 quando
903 1137 1119 1202 videbimus?
1174 1139 1241 1215 Da,
1264 1139 1339 1203 Do-

233 1234 336 1313 mine,
374 1235 564 1299 mercedem
607 1235 858 1301 sustinentibus
902 1244 949 1313 te,
985 1245 1026 1301 ut
1068 1237 1245 1319 prophetae
1286 1240 1338 1302 tui

234 1334 352 1398 fideles
385 1335 629 1400 inveniantur!
689 1335 883 1413 ‘Utinam'
909 1335 994 1399 dicit
1019 1336 1156 1413 Fsaias,
1185 1337 1336 1400 ‘dirum-

234 1453 333 1515 peres
364 1434 468 1499 caelos
499 1442 535 1499 et
562 1435 719 1500 venires!
771 1435 818 1498 Et
843 1435 970 1512 David,
999 1436 1182 1513 ‘Domine,
1212 1437 1339 1500 inclina

233 1534 336 1598 caelos
359 1540 394 1598 et
423 1534 616 1599 descende?
667 1534 735 1598 Sed
760 1542 797 1598 et
821 1541 910 1598 teste
927 1535 1044 1612 Esaia,
1064 1535 1217 1616 ‘Angeli
1240 1537 1336 1618 pacis

233 1652 295 1714 pro
312 1633 476 1697 dilatione
499 1642 629 1699 nostrae
651 1633 775 1698 salutis
799 1653 915 1697 amare
937 1634 1089 1697 flebant?
1141 1635 1237 1698 Idem
1253 1655 1337 1700 vero

234 1731 357 1795 Esaias
386 1732 429 1796 de
464 1731 594 1797 Christi
627 1734 812 1798 nativitate
845 1733 1060 1797 manifestius
1096 1734 1240 1817 loquens
1273 1736 1334 1808 ait,
1442 1737 1445 1742 ’

234 1830 345 1895 ‘Ecce
377 1832 477 1914 virgo
510 1832 680 1915 concipiet
711 1839 746 1896 et
774 1834 887 1916 pariet
922 1833 1061 1911 Filium,
1091 1840 1127 1897 et
1156 1835 1337 1899 vocabitur

233 1949 357 1995 nomen
392 1931 468 2014 ejus
500 1931 692 1995 Emanuel.'
752 1930 839 1995 Cum
874 1940 989 1996 autem
1022 1933 1138 1995 Maria
1159 1933 1201 1996 de
1235 1933 1336 1998 Jesse

233 2029 397 2112 originem
415 2031 572 2108 traxerit,
588 2030 679 2094 idem
701 2031 873 2115 propheta
898 2032 1116 2096 nativitatem
1143 2031 1280 2109 Mariae,
1301 2041 1337 2098 et

232 2149 294 2212 per
324 2130 474 2194 Mariam
505 2130 646 2207 christi,
673 2137 778 2212 atque
810 2130 1059 2213 plenitudinem
1083 2131 1207 2212 gratiae
1236 2133 1335 2213 spiri·

232 2229 337 2292 tualis
355 2229 391 2292 in
410 2228 549 2294 Christo
571 2229 752 2294 manifeste
775 2228 929 2293 declarat
950 2230 1079 2306 dicens,
1105 2230 1336 2310 ‘Egredietur

232 2327 332 2410 virga
355 2329 398 2393 de
416 2329 531 2394 radice
549 2329 572 2392 J
575 2349 662 2407 esse,
678 2336 713 2393 et
730 2329 793 2392 flos
816 2329 859 2392 de
885 2327 1000 2393 radice
1017 2328 1092 2412 ejus
1109 2330 1283 2407 ascendet,
1300 2339 1337 2395 et

233 2428 416 2510 requiescit
432 2448 537 2511 super
553 2448 631 2492 eum
654 2429 797 2510 spiritus
815 2429 966 2505 Domini,
990 2429 1132 2510 spiritus
1154 2429 1335 2510 sapientiae

233 2533 268 2590 et
296 2527 506 2605 intellectus,
541 2528 683 2611 spiritus
716 2528 852 2592 consilii
877 2536 912 2592 et
941 2527 1165 2604 fortitudinis,
1193 2529 1335 2610 spiritus

232 2626 385 2691 scientiae
405 2635 442 2692 ct
457 2627 591 2692 timoris
615 2627 768 2704 Domini,
784 2634 820 2691 et
837 2627 983 2710 replevit
1000 2647 1077 2691 eum
1093 2627 1217 2710 spiritu
1233 2629 1335 2692 timo·

230 2725 279 2788 ris
308 2726 471 2791 Domini.’
523 2725 639 2791 Natus
666 2734 720 2790 est
745 2727 865 2809 itaque
898 2726 1008 2790 Filius
1035 2727 1103 2790 Dei
1129 2726 1172 2790 de
1201 2727 1335 2809 virgine

230 2825 442 2908 incorrupta,
467 2826 558 2890 sicut
580 2827 771 2908 plasmatus
793 2834 847 2890 est
872 2827 1003 2908 primus
1031 2823 1144 2889 Adam
1172 2825 1215 2889 de
1243 2834 1336 2890 terra

231 2925 364 3006 virgine
378 2931 412 2988 et
423 2925 602 3002 inviolata,
618 2924 749 3007 Spiritu
759 2925 889 2989 Sancto
900 2927 937 2989 in
950 2945 993 2988 ea
1004 2933 1182 3006 operante,
1192 2933 1334 2989 nostrae-

230 3043 297 3106 que
319 3024 443 3088 salutis
464 3025 640 3106 negotium
663 3023 881 3088 ineffabiliter
907 3031 1123 3106 procurante.
1174 3022 1334 3106 Abyssus

230 3124 321 3186 enim
344 3124 578 3188 inscrutabilis
594 3129 648 3187 est
663 3123 913 3187 iucarnationis
931 3122 1123 3187 Dominicae
1139 3139 1334 3185 sacramen·

229 3228 324 3300 tum3
358 3222 507 3305 plurima
535 3230 650 3286 tamen
682 3221 835 3303 antiquis
866 3221 1024 3304 patribus
1054 3219 1264 3296 acciderunt,
1296 3220 1332 3284 in

230 3321 354 3403 quihus
378 3322 482 3406 hujus
505 3321 700 3386 nativitatis
728 3320 840 3402 figura
870 3320 1058 3402 praecessit.
1112 3317 1214 3398 Quod
1240 3320 1331 3382 enim

230 3421 341 3485 vellus
365 3419 539 3485 Gedeonis
567 3441 644 3485 rore
669 3419 800 3484 caelesti
824 3421 1032 3502 completum
1056 3426 1121 3495 est,
1145 3437 1224 3482 cum
1252 3437 1334 3482 area

229 3520 497 3604 circumquaque
531 3520 629 3583 arida
658 3527 863 3595 remaneret,
894 3537 972 3583 rore
1006 3517 1155 3600 Spiritus
1185 3518 1334 3583 Sanctus

229 3618 432 3702 designatur
453 3619 489 3682 in
506 3620 651 3700 virgine,
676 3637 755 3701 quae
778 3618 823 3682 ad
845 3619 919 3682 haec
942 3623 1083 3700 propter
1103 3617 1334 3681 humilitatem

229 3737 327 3782 suam
345 3719 557 3801 ,specialiter
591 3727 625 3782 et
656 3717 926 3799 singularitate
957 3717 1109 3781 Domino
1131 3723 1185 3780 est
1211 3717 1334 3794 electa,

229 3819 285 3881 cui
306 3817 488 3900 psalmista
511 3817 699 3881 concordat
720 3815 1076 3893 dicens,‘Desccndit
1099 3815 1190 3879 sicut
1216 3815 1336 3897 pluvia

229 3917 265 3979 in
282 3916 416 3979 vellus!
469 3915 571 3995 Quod
589 3916 706 3999 Moysi
732 3915 823 3997 ignis
849 3916 885 3979 in
908 3917 995 3979 ruho
1017 3914 1190 3996 apparuit,
1209 3919 1244 3976 et
1265 3933 1334 3978 non

230 4022 284 4079 est
299 4017 405 4078 rubus
423 4015 504 4097 igne
522 4023 716 4097 corruptus
733 4014 944 4096 virginitatis
966 4014 1148 4095 integritas
1164 4013 1200 4074 in
1219 4011 1336 4076 Maria

231 4114 496 4179 demonstratur.
538 4113 654 4192 Quod,
677 4114 785 4195 virgis
811 4114 957 4177 aliarum
982 4113 1134 4176 tribuum
1159 4131 1336 4176 remanen-

232 4213 324 4278 tibus
351 4213 465 4289 sicois,
490 4213 589 4293 virga
613 4213 744 4288 Aaron,
768 4213 811 4276 de
837 4213 937 4296 cujus
960 4213 1067 4293 stirpe
1084 4213 1184 4289 virgo
1212 4211 1336 4273 beatis-

1165 4325 1187 4368 c
