<?xml version="1.0" encoding="UTF-8"?>
<!DOCTYPE html PUBLIC "-//W3C//DTD XHTML 1.0 Transitional//EN"
    "http://www.w3.org/TR/xhtml1/DTD/xhtml1-transitional.dtd">
<html xmlns="http://www.w3.org/1999/xhtml" xml:lang="en" lang="en">
 <head>
  <title>
</title>
<meta http-equiv="Content-Type" content="text/html;charset=utf-8" />
  <meta name='ocr-system' content='tesseract 3.04.00' />
  <meta name='ocr-capabilities' content='ocr_page ocr_carea ocr_par ocr_line ocrx_word'/>
</head>
<body>
  <div class='ocr_page' id='page_1' title='image "appendixadroger00parigoog_0098.png"; bbox 0 0 3150 4992; ppageno 0'>
   <div class='ocr_carea' id='block_1_1' title="bbox 581 443 1311 510">
    <p class='ocr_par' dir='ltr' id='par_1_1' title="bbox 581 443 1311 510">
     <span class='ocr_line' id='line_1_1' title="bbox 581 443 1311 510; baseline -0.004 0"><span class='ocrx_word' id='word_1_1' title='bbox 581 460 779 510; x_wconf 80' lang='lat' dir='ltr'><strong>nnerrowns</strong></span> <span class='ocrx_word' id='word_1_2' title='bbox 802 459 937 510; x_wconf 76' lang='lat' dir='ltr'><strong>vamur.</strong></span> <span class='ocrx_word' id='word_1_3' title='bbox 1265 443 1311 507; x_wconf 78' lang='lat'><strong>77</strong></span> 
     </span>
    </p>
   </div>
   <div class='ocr_carea' id='block_1_2' title="bbox 203 589 1349 4312">
    <p class='ocr_par' dir='ltr' id='par_1_2' title="bbox 203 589 1349 4312">
     <span class='ocr_line' id='line_1_2' title="bbox 212 589 348 628; baseline 0.015 -2"><span class='ocrx_word' id='word_1_4' title='bbox 212 589 271 628; x_wconf 74' lang='lat' dir='ltr'><strong>Plo.</strong></span> <span class='ocrx_word' id='word_1_5' title='bbox 294 589 348 628; x_wconf 74' lang='lat' dir='ltr'><strong>ula.</strong></span> 
     </span>
     <span class='ocr_line' id='line_1_3' title="bbox 203 648 1302 735; baseline -0.007 -17"><span class='ocrx_word' id='word_1_6' title='bbox 203 653 349 730; x_wconf 85' lang='lat'><strong>335,10‚</strong></span> <span class='ocrx_word' id='word_1_7' title='bbox 367 648 467 735; x_wconf 64' lang='lat' dir='ltr'><strong>operas</strong></span> <span class='ocrx_word' id='word_1_8' title='bbox 607 661 759 731; x_wconf 72' lang='lat' dir='ltr'><strong>operum:</strong></span> <span class='ocrx_word' id='word_1_9' title='bbox 1198 677 1201 682; x_wconf 94' lang='lat'>·</span> <span class='ocrx_word' id='word_1_10' title='bbox 1299 653 1302 656; x_wconf 82' lang='grc'><strong>’</strong></span> 
     </span>
     <span class='ocr_line' id='line_1_4' title="bbox 204 744 1312 858; baseline -0.002 -46"><span class='ocrx_word' id='word_1_11' title='bbox 204 772 269 841; x_wconf 81' lang='lat'><strong>337</strong></span> <span class='ocrx_word' id='word_1_12' title='bbox 298 775 338 839; x_wconf 72' lang='lat'><strong>16</strong></span> <span class='ocrx_word' id='word_1_13' title='bbox 362 782 515 858; x_wconf 53' lang='lat' dir='ltr'><strong>pamma</strong></span> <span class='ocrx_word' id='word_1_14' title='bbox 608 746 668 812; x_wconf 89' lang='lat' dir='ltr'><strong>All</strong></span> <span class='ocrx_word' id='word_1_15' title='bbox 685 747 754 812; x_wconf 92' lang='lat' dir='ltr'><strong>this</strong></span> <span class='ocrx_word' id='word_1_16' title='bbox 772 745 952 822; x_wconf 83' lang='lat' dir='ltr'><strong>insertion,</strong></span> <span class='ocrx_word' id='word_1_17' title='bbox 970 753 1008 810; x_wconf 92' lang='lat' dir='ltr'><strong>to</strong></span> <span class='ocrx_word' id='word_1_18' title='bbox 1028 745 1088 809; x_wconf 92' lang='lat' dir='ltr'><strong>the</strong></span> <span class='ocrx_word' id='word_1_19' title='bbox 1101 744 1216 810; x_wconf 86' lang='lat' dir='ltr'><strong>words</strong></span> <span class='ocrx_word' id='word_1_20' title='bbox 1230 746 1312 810; x_wconf 91' lang='lat' dir='ltr'><strong>‘ad-</strong></span> 
     </span>
     <span class='ocr_line' id='line_1_5' title="bbox 271 821 1308 958; baseline 0.001 -49"><span class='ocrx_word' id='word_1_21' title='bbox 271 823 279 852; x_wconf 95' lang='lat'>’</span> <span class='ocrx_word' id='word_1_22' title='bbox 341 821 557 958; x_wconf 49' lang='lat' dir='ltr'><strong>’mmm-„2</strong></span> <span class='ocrx_word' id='word_1_23' title='bbox 629 846 697 911; x_wconf 79' lang='lat' dir='ltr'><strong>nuc</strong></span> <span class='ocrx_word' id='word_1_24' title='bbox 720 847 835 924; x_wconf 69' lang='lat' dir='ltr'><strong>esset:</strong></span> <span class='ocrx_word' id='word_1_25' title='bbox 852 847 889 910; x_wconf 77' lang='lat' dir='ltr'><strong>in</strong></span> <span class='ocrx_word' id='word_1_26' title='bbox 914 846 973 909; x_wconf 72' lang='lat' dir='ltr'><strong>the</strong></span> <span class='ocrx_word' id='word_1_27' title='bbox 996 844 1204 927; x_wconf 76' lang='lat' dir='ltr'><strong>Cambridge</strong></span> <span class='ocrx_word' id='word_1_28' title='bbox 1231 845 1308 910; x_wconf 81' lang='lat' dir='ltr'><strong>us,</strong></span> 
     </span>
     <span class='ocr_line' id='line_1_6' title="bbox 375 944 1310 1037; baseline -0.001 -28"><span class='ocrx_word' id='word_1_29' title='bbox 375 981 438 1037; x_wconf 54' lang='lat' dir='ltr'><strong>tat,</strong></span> <span class='ocrx_word' id='word_1_30' title='bbox 629 946 660 1010; x_wconf 91' lang='lat' dir='ltr'><strong>is</strong></span> <span class='ocrx_word' id='word_1_31' title='bbox 686 948 733 1028; x_wconf 88' lang='lat' dir='ltr'><strong>by</strong></span> <span class='ocrx_word' id='word_1_32' title='bbox 759 944 872 1009; x_wconf 81' lang='lat' dir='ltr'><strong>Paris&#39;</strong></span> <span class='ocrx_word' id='word_1_33' title='bbox 902 964 981 1010; x_wconf 89' lang='lat' dir='ltr'><strong>own</strong></span> <span class='ocrx_word' id='word_1_34' title='bbox 1011 944 1116 1022; x_wconf 92' lang='lat' dir='ltr'><strong>hand,</strong></span> <span class='ocrx_word' id='word_1_35' title='bbox 1141 945 1220 1010; x_wconf 89' lang='lat' dir='ltr'><strong>who</strong></span> <span class='ocrx_word' id='word_1_36' title='bbox 1246 944 1310 1008; x_wconf 87' lang='lat' dir='ltr'><strong>has</strong></span> 
     </span>
     <span class='ocr_line' id='line_1_7' title="bbox 629 1043 1310 1129; baseline -0.003 -19"><span class='ocrx_word' id='word_1_37' title='bbox 629 1044 815 1129; x_wconf 77' lang='lat' dir='ltr'><strong>expunged</strong></span> <span class='ocrx_word' id='word_1_38' title='bbox 837 1044 896 1108; x_wconf 92' lang='lat' dir='ltr'><strong>the</strong></span> <span class='ocrx_word' id='word_1_39' title='bbox 916 1045 1030 1108; x_wconf 88' lang='lat' dir='ltr'><strong>rubric</strong></span> <span class='ocrx_word' id='word_1_40' title='bbox 1050 1043 1117 1108; x_wconf 86' lang='lat' dir='ltr'><strong>and</strong></span> <span class='ocrx_word' id='word_1_41' title='bbox 1135 1044 1194 1109; x_wconf 94' lang='lat' dir='ltr'><strong>the</strong></span> <span class='ocrx_word' id='word_1_42' title='bbox 1217 1063 1310 1108; x_wconf 88' lang='lat' dir='ltr'><strong>com-</strong></span> 
     </span>
     <span class='ocr_line' id='line_1_8' title="bbox 630 1143 1316 1226; baseline -0.003 -18"><span class='ocrx_word' id='word_1_43' title='bbox 630 1151 846 1210; x_wconf 88' lang='lat' dir='ltr'><strong>mencement</strong></span> <span class='ocrx_word' id='word_1_44' title='bbox 867 1144 908 1207; x_wconf 85' lang='lat' dir='ltr'><strong>os</strong></span> <span class='ocrx_word' id='word_1_45' title='bbox 924 1143 984 1208; x_wconf 91' lang='lat' dir='ltr'><strong>the</strong></span> <span class='ocrx_word' id='word_1_46' title='bbox 1002 1144 1182 1225; x_wconf 86' lang='lat' dir='ltr'><strong>following</strong></span> <span class='ocrx_word' id='word_1_47' title='bbox 1203 1143 1316 1226; x_wconf 56' lang='lat' dir='ltr'><strong>chop,</strong></span> 
     </span>
     <span class='ocr_line' id='line_1_9' title="bbox 631 1242 1312 1327; baseline 0 -19"><span class='ocrx_word' id='word_1_48' title='bbox 631 1252 696 1321; x_wconf 86' lang='lat' dir='ltr'><strong>ter,</strong></span> <span class='ocrx_word' id='word_1_49' title='bbox 729 1244 798 1307; x_wconf 91' lang='lat' dir='ltr'><strong>and</strong></span> <span class='ocrx_word' id='word_1_50' title='bbox 836 1242 929 1306; x_wconf 86' lang='lat' dir='ltr'><strong>filled</strong></span> <span class='ocrx_word' id='word_1_51' title='bbox 961 1263 1008 1327; x_wconf 94' lang='lat' dir='ltr'><strong>up</strong></span> <span class='ocrx_word' id='word_1_52' title='bbox 1040 1243 1099 1308; x_wconf 93' lang='lat' dir='ltr'><strong>the</strong></span> <span class='ocrx_word' id='word_1_53' title='bbox 1130 1261 1234 1326; x_wconf 81' lang='lat' dir='ltr'><strong>space</strong></span> <span class='ocrx_word' id='word_1_54' title='bbox 1264 1245 1312 1326; x_wconf 87' lang='lat' dir='ltr'><strong>by</strong></span> 
     </span>
     <span class='ocr_line' id='line_1_10' title="bbox 631 1342 1312 1426; baseline -0.004 -17"><span class='ocrx_word' id='word_1_55' title='bbox 631 1344 771 1425; x_wconf 90' lang='lat' dir='ltr'><strong>writing</strong></span> <span class='ocrx_word' id='word_1_56' title='bbox 788 1342 847 1408; x_wconf 90' lang='lat' dir='ltr'><strong>the</strong></span> <span class='ocrx_word' id='word_1_57' title='bbox 861 1343 928 1406; x_wconf 89' lang='lat' dir='ltr'><strong>end</strong></span> <span class='ocrx_word' id='word_1_58' title='bbox 944 1342 984 1407; x_wconf 85' lang='lat' dir='ltr'><strong>os</strong></span> <span class='ocrx_word' id='word_1_59' title='bbox 998 1343 1057 1406; x_wconf 90' lang='lat' dir='ltr'><strong>the</strong></span> <span class='ocrx_word' id='word_1_60' title='bbox 1073 1343 1257 1426; x_wconf 84' lang='lat' dir='ltr'><strong>preceding</strong></span> <span class='ocrx_word' id='word_1_61' title='bbox 1273 1343 1312 1406; x_wconf 92' lang='lat' dir='ltr'><strong>in</strong></span> 
     </span>
     <span class='ocr_line' id='line_1_11' title="bbox 632 1441 1311 1508; baseline 0 -2"><span class='ocrx_word' id='word_1_62' title='bbox 632 1463 655 1506; x_wconf 94' lang='lat' dir='ltr'><strong>a</strong></span> <span class='ocrx_word' id='word_1_63' title='bbox 670 1443 776 1508; x_wconf 85' lang='lat' dir='ltr'><strong>wider</strong></span> <span class='ocrx_word' id='word_1_64' title='bbox 793 1442 893 1506; x_wconf 84' lang='lat' dir='ltr'><strong>form.</strong></span> <span class='ocrx_word' id='word_1_65' title='bbox 945 1441 1098 1506; x_wconf 88' lang='lat' dir='ltr'><strong>‘Diebus</strong></span> <span class='ocrx_word' id='word_1_66' title='bbox 1112 1450 1226 1506; x_wconf 86' lang='lat' dir='ltr'><strong>autem</strong></span> <span class='ocrx_word' id='word_1_67' title='bbox 1245 1443 1311 1506; x_wconf 92' lang='lat' dir='ltr'><strong>sub</strong></span> 
     </span>
     <span class='ocr_line' id='line_1_12' title="bbox 633 1541 1311 1624; baseline -0.001 -19"><span class='ocrx_word' id='word_1_68' title='bbox 633 1541 761 1606; x_wconf 92' lang='lat' dir='ltr'><strong>eisdem</strong></span> <span class='ocrx_word' id='word_1_69' title='bbox 777 1542 937 1605; x_wconf 92' lang='lat' dir='ltr'><strong>dominus</strong></span> <span class='ocrx_word' id='word_1_70' title='bbox 952 1561 1046 1624; x_wconf 89' lang='lat' dir='ltr'><strong>papa</strong></span> <span class='ocrx_word' id='word_1_71' title='bbox 1059 1541 1147 1606; x_wconf 88' lang='lat' dir='ltr'><strong>hanc</strong></span> <span class='ocrx_word' id='word_1_72' title='bbox 1171 1542 1311 1622; x_wconf 89' lang='lat' dir='ltr'><strong>elegan-</strong></span> 
     </span>
     <span class='ocr_line' id='line_1_13' title="bbox 632 1639 1312 1724; baseline -0.003 -19"><span class='ocrx_word' id='word_1_73' title='bbox 632 1648 702 1705; x_wconf 86' lang='lat' dir='ltr'><strong>tem</strong></span> <span class='ocrx_word' id='word_1_74' title='bbox 714 1641 894 1724; x_wconf 90' lang='lat' dir='ltr'><strong>epistolam</strong></span> <span class='ocrx_word' id='word_1_75' title='bbox 907 1641 1000 1706; x_wconf 85' lang='lat' dir='ltr'><strong>misit</strong></span> <span class='ocrx_word' id='word_1_76' title='bbox 1009 1639 1162 1705; x_wconf 87' lang='lat' dir='ltr'><strong>Soldano</strong></span> <span class='ocrx_word' id='word_1_77' title='bbox 1172 1641 1312 1718; x_wconf 87' lang='lat' dir='ltr'><strong>Yoonii,</strong></span> 
     </span>
     <span class='ocr_line' id='line_1_14' title="bbox 633 1741 1312 1824; baseline 0 -20"><span class='ocrx_word' id='word_1_78' title='bbox 633 1741 839 1824; x_wconf 86' lang='lat' dir='ltr'><strong>proponenti</strong></span> <span class='ocrx_word' id='word_1_79' title='bbox 865 1741 1029 1822; x_wconf 90' lang='lat' dir='ltr'><strong>baptismi</strong></span> <span class='ocrx_word' id='word_1_80' title='bbox 1058 1747 1312 1804; x_wconf 87' lang='lat' dir='ltr'><strong>sacramentum</strong></span> 
     </span>
     <span class='ocr_line' id='line_1_15' title="bbox 633 1838 1312 1924; baseline 0 -22"><span class='ocrx_word' id='word_1_81' title='bbox 633 1841 810 1924; x_wconf 82' lang='lat' dir='ltr'><strong>suscipere</strong></span> <span class='ocrx_word' id='word_1_82' title='bbox 828 1840 916 1903; x_wconf 89' lang='lat' dir='ltr'><strong>etin</strong></span> <span class='ocrx_word' id='word_1_83' title='bbox 938 1838 1014 1920; x_wconf 88' lang='lat' dir='ltr'><strong>lege</strong></span> <span class='ocrx_word' id='word_1_84' title='bbox 1037 1838 1236 1904; x_wconf 83' lang='lat' dir='ltr'><strong>Christiana</strong></span> <span class='ocrx_word' id='word_1_85' title='bbox 1258 1840 1312 1902; x_wconf 91' lang='lat' dir='ltr'><strong>in·</strong></span> 
     </span>
     <span class='ocr_line' id='line_1_16' title="bbox 634 1937 1311 2022; baseline 0 -20"><span class='ocrx_word' id='word_1_86' title='bbox 634 1940 721 2002; x_wconf 92' lang='lat' dir='ltr'><strong>strui</strong></span> <span class='ocrx_word' id='word_1_87' title='bbox 735 1939 899 2022; x_wconf 89' lang='lat' dir='ltr'><strong>cupienti.</strong></span> <span class='ocrx_word' id='word_1_88' title='bbox 939 1937 1162 2003; x_wconf 82' lang='lat' dir='ltr'><strong>‘Alexander</strong></span> <span class='ocrx_word' id='word_1_89' title='bbox 1179 1940 1311 2021; x_wconf 89' lang='lat' dir='ltr'><strong>episco-</strong></span> 
     </span>
     <span class='ocr_line' id='line_1_17' title="bbox 635 2037 1314 2122; baseline 0 -20"><span class='ocrx_word' id='word_1_90' title='bbox 635 2057 722 2122; x_wconf 76' lang='lat' dir='ltr'><strong>puS,</strong></span> <span class='ocrx_word' id='word_1_91' title='bbox 732 2057 853 2103; x_wconf 88' lang='lat' dir='ltr'><strong>servus</strong></span> <span class='ocrx_word' id='word_1_92' title='bbox 871 2057 1049 2102; x_wconf 84' lang='lat' dir='ltr'><strong>servorum</strong></span> <span class='ocrx_word' id='word_1_93' title='bbox 1066 2038 1145 2115; x_wconf 90' lang='lat' dir='ltr'><strong>Dei,</strong></span> <span class='ocrx_word' id='word_1_94' title='bbox 1162 2037 1314 2102; x_wconf 91' lang='lat' dir='ltr'><strong>Soldano</strong></span> 
     </span>
     <span class='ocr_line' id='line_1_18' title="bbox 635 2137 1314 2219; baseline -0.004 -16"><span class='ocrx_word' id='word_1_95' title='bbox 635 2137 777 2214; x_wconf 89' lang='lat' dir='ltr'><strong>Yoonii,</strong></span> <span class='ocrx_word' id='word_1_96' title='bbox 795 2138 977 2201; x_wconf 86' lang='lat' dir='ltr'><strong>veritatem</strong></span> <span class='ocrx_word' id='word_1_97' title='bbox 994 2156 1181 2218; x_wconf 84' lang='lat' dir='ltr'><strong>agnoscere</strong></span> <span class='ocrx_word' id='word_1_98' title='bbox 1198 2145 1234 2200; x_wconf 90' lang='lat' dir='ltr'><strong>et</strong></span> <span class='ocrx_word' id='word_1_99' title='bbox 1251 2157 1314 2219; x_wconf 88' lang='lat' dir='ltr'><strong>ag-</strong></span> 
     </span>
     <span class='ocr_line' id='line_1_19' title="bbox 636 2234 1313 2303; baseline 0.004 -3"><span class='ocrx_word' id='word_1_100' title='bbox 636 2237 745 2300; x_wconf 88' lang='lat' dir='ltr'><strong>nitam</strong></span> <span class='ocrx_word' id='word_1_101' title='bbox 763 2236 947 2302; x_wconf 89' lang='lat' dir='ltr'><strong>custodire.</strong></span> <span class='ocrx_word' id='word_1_102' title='bbox 992 2236 1049 2298; x_wconf 83' lang='lat' dir='ltr'><strong>Ex</strong></span> <span class='ocrx_word' id='word_1_103' title='bbox 1066 2234 1176 2299; x_wconf 89' lang='lat' dir='ltr'><strong>literis</strong></span> <span class='ocrx_word' id='word_1_104' title='bbox 1193 2237 1263 2300; x_wconf 91' lang='lat' dir='ltr'><strong>tuis</strong></span> <span class='ocrx_word' id='word_1_105' title='bbox 1278 2245 1313 2303; x_wconf 89' lang='lat' dir='ltr'><strong>et</strong></span> 
     </span>
     <span class='ocr_line' id='line_1_20' title="bbox 638 2334 1349 2421; baseline 0.003 -23"><span class='ocrx_word' id='word_1_106' title='bbox 638 2337 836 2401; x_wconf 85' lang='lat' dir='ltr'><strong>nuntiorum</strong></span> <span class='ocrx_word' id='word_1_107' title='bbox 865 2334 957 2398; x_wconf 87' lang='lat' dir='ltr'><strong>fideli</strong></span> <span class='ocrx_word' id='word_1_108' title='bbox 992 2334 1160 2399; x_wconf 82' lang='lat' dir='ltr'><strong>relatione</strong></span> <span class='ocrx_word' id='word_1_109' title='bbox 1185 2354 1315 2414; x_wconf 88' lang='lat' dir='ltr'><strong>cogno·</strong></span> <span class='ocrx_word' id='word_1_110' title='bbox 1347 2417 1349 2421; x_wconf 17' lang='grc' dir='ltr'><strong><em>ι</em></strong></span> 
     </span>
     <span class='ocr_line' id='line_1_21' title="bbox 636 2432 1313 2517; baseline 0.001 -20"><span class='ocrx_word' id='word_1_111' title='bbox 636 2435 762 2512; x_wconf 88' lang='lat' dir='ltr'><strong>vimus,</strong></span> <span class='ocrx_word' id='word_1_112' title='bbox 791 2432 883 2517; x_wconf 92' lang='lat' dir='ltr'><strong>quod</strong></span> <span class='ocrx_word' id='word_1_113' title='bbox 916 2434 952 2497; x_wconf 90' lang='lat' dir='ltr'><strong>in</strong></span> <span class='ocrx_word' id='word_1_114' title='bbox 983 2433 1075 2498; x_wconf 91' lang='lat' dir='ltr'><strong>votis</strong></span> <span class='ocrx_word' id='word_1_115' title='bbox 1108 2433 1237 2498; x_wconf 83' lang='lat' dir='ltr'><strong>habeas</strong></span> <span class='ocrx_word' id='word_1_116' title='bbox 1269 2434 1313 2498; x_wconf 91' lang='lat' dir='ltr'><strong>ad</strong></span> 
     </span>
     <span class='ocr_line' id='line_1_22' title="bbox 637 2531 1314 2617; baseline -0.001 -20"><span class='ocrx_word' id='word_1_117' title='bbox 637 2533 814 2598; x_wconf 87' lang='lat' dir='ltr'><strong>Christum</strong></span> <span class='ocrx_word' id='word_1_118' title='bbox 845 2534 1013 2598; x_wconf 86' lang='lat' dir='ltr'><strong>converti.</strong></span> <span class='ocrx_word' id='word_1_119' title='bbox 1065 2531 1220 2617; x_wconf 83' lang='lat' dir='ltr'><strong>Cumque</strong></span> <span class='ocrx_word' id='word_1_120' title='bbox 1240 2533 1314 2617; x_wconf 90' lang='lat' dir='ltr'><strong>jam</strong></span> 
     </span>
     <span class='ocr_line' id='line_1_23' title="bbox 637 2632 1318 2716; baseline 0 -20"><span class='ocrx_word' id='word_1_121' title='bbox 637 2634 820 2716; x_wconf 87' lang='lat' dir='ltr'><strong>receperis,</strong></span> <span class='ocrx_word' id='word_1_122' title='bbox 843 2639 882 2696; x_wconf 95' lang='lat' dir='ltr'><strong>ut</strong></span> <span class='ocrx_word' id='word_1_123' title='bbox 903 2632 1110 2709; x_wconf 83' lang='lat' dir='ltr'><strong>audivimus,</strong></span> <span class='ocrx_word' id='word_1_124' title='bbox 1136 2640 1318 2714; x_wconf 89' lang='lat' dir='ltr'><strong>pentateu-</strong></span> 
     </span>
     <span class='ocr_line' id='line_1_24' title="bbox 637 2731 1318 2816; baseline 0.003 -21"><span class='ocrx_word' id='word_1_125' title='bbox 637 2751 715 2795; x_wconf 91' lang='lat' dir='ltr'><strong>cum</strong></span> <span class='ocrx_word' id='word_1_126' title='bbox 738 2733 886 2816; x_wconf 87' lang='lat' dir='ltr'><strong>Moysis,</strong></span> <span class='ocrx_word' id='word_1_127' title='bbox 908 2731 1126 2814; x_wconf 87' lang='lat' dir='ltr'><strong>prophetiam</strong></span> <span class='ocrx_word' id='word_1_128' title='bbox 1145 2732 1260 2796; x_wconf 85' lang='lat' dir='ltr'><strong>Esaiae</strong></span> <span class='ocrx_word' id='word_1_129' title='bbox 1282 2740 1318 2798; x_wconf 91' lang='lat' dir='ltr'><strong>et</strong></span> 
     </span>
     <span class='ocr_line' id='line_1_25' title="bbox 638 2830 1319 2914; baseline 0.003 -18"><span class='ocrx_word' id='word_1_130' title='bbox 638 2831 838 2908; x_wconf 85' lang='lat' dir='ltr'><strong>Hieremiae,</strong></span> <span class='ocrx_word' id='word_1_131' title='bbox 869 2830 974 2894; x_wconf 93' lang='lat' dir='ltr'><strong>Pauli</strong></span> <span class='ocrx_word' id='word_1_132' title='bbox 1002 2830 1181 2913; x_wconf 85' lang='lat' dir='ltr'><strong>epistolas,</strong></span> <span class='ocrx_word' id='word_1_133' title='bbox 1212 2839 1319 2914; x_wconf 89' lang='lat' dir='ltr'><strong>atque</strong></span> 
     </span>
     <span class='ocr_line' id='line_1_26' title="bbox 638 2930 1317 3011; baseline 0 -17"><span class='ocrx_word' id='word_1_134' title='bbox 638 2930 810 2994; x_wconf 84' lang='lat' dir='ltr'><strong>Johannis</strong></span> <span class='ocrx_word' id='word_1_135' title='bbox 834 2930 1051 3011; x_wconf 83' lang='lat' dir='ltr'><strong>evangelium</strong></span> <span class='ocrx_word' id='word_1_136' title='bbox 1080 2938 1116 2994; x_wconf 90' lang='lat' dir='ltr'><strong>et</strong></span> <span class='ocrx_word' id='word_1_137' title='bbox 1142 2930 1317 3008; x_wconf 84' lang='lat' dir='ltr'><strong>Matthaei,</strong></span> 
     </span>
     <span class='ocr_line' id='line_1_27' title="bbox 639 3029 1318 3113; baseline 0 -19"><span class='ocrx_word' id='word_1_138' title='bbox 639 3030 796 3113; x_wconf 88' lang='lat' dir='ltr'><strong>postulas</strong></span> <span class='ocrx_word' id='word_1_139' title='bbox 821 3029 885 3092; x_wconf 92' lang='lat' dir='ltr'><strong>tibi</strong></span> <span class='ocrx_word' id='word_1_140' title='bbox 913 3029 1005 3093; x_wconf 90' lang='lat' dir='ltr'><strong>mitti</strong></span> <span class='ocrx_word' id='word_1_141' title='bbox 1031 3029 1142 3093; x_wconf 83' lang='lat' dir='ltr'><strong>virum</strong></span> <span class='ocrx_word' id='word_1_142' title='bbox 1168 3029 1318 3112; x_wconf 83' lang='lat' dir='ltr'><strong>aliquem</strong></span> 
     </span>
     <span class='ocr_line' id='line_1_28' title="bbox 639 3127 1319 3210; baseline 0.003 -18"><span class='ocrx_word' id='word_1_143' title='bbox 639 3127 873 3194; x_wconf 86' lang='lat' dir='ltr'><strong>orthodoxum</strong></span> <span class='ocrx_word' id='word_1_144' title='bbox 915 3146 978 3210; x_wconf 88' lang='lat' dir='ltr'><strong>per</strong></span> <span class='ocrx_word' id='word_1_145' title='bbox 1018 3145 1120 3209; x_wconf 83' lang='lat' dir='ltr'><strong>quem</strong></span> <span class='ocrx_word' id='word_1_146' title='bbox 1164 3129 1200 3191; x_wconf 97' lang='lat' dir='ltr'><strong>in</strong></span> <span class='ocrx_word' id='word_1_147' title='bbox 1241 3129 1319 3210; x_wconf 87' lang='lat' dir='ltr'><strong>lege</strong></span> 
     </span>
     <span class='ocr_line' id='line_1_29' title="bbox 640 3225 1320 3308; baseline 0 -18"><span class='ocrx_word' id='word_1_148' title='bbox 640 3227 782 3300; x_wconf 83' lang='lat' dir='ltr'><strong>Christi,</strong></span> <span class='ocrx_word' id='word_1_149' title='bbox 808 3226 907 3308; x_wconf 88' lang='lat' dir='ltr'><strong>quasi</strong></span> <span class='ocrx_word' id='word_1_150' title='bbox 927 3226 1001 3289; x_wconf 88' lang='lat' dir='ltr'><strong>vice</strong></span> <span class='ocrx_word' id='word_1_151' title='bbox 1029 3232 1160 3303; x_wconf 89' lang='lat' dir='ltr'><strong>nostra,</strong></span> <span class='ocrx_word' id='word_1_152' title='bbox 1183 3225 1320 3307; x_wconf 91' lang='lat' dir='ltr'><strong>plenius</strong></span> 
     </span>
     <span class='ocr_line' id='line_1_30' title="bbox 638 3323 1320 3407; baseline 0.003 -17"><span class='ocrx_word' id='word_1_153' title='bbox 638 3325 832 3391; x_wconf 90' lang='lat' dir='ltr'><strong>instruaris.</strong></span> <span class='ocrx_word' id='word_1_154' title='bbox 896 3323 974 3388; x_wconf 92' lang='lat' dir='ltr'><strong>Nos</strong></span> <span class='ocrx_word' id='word_1_155' title='bbox 1010 3331 1126 3388; x_wconf 88' lang='lat' dir='ltr'><strong>autem</strong></span> <span class='ocrx_word' id='word_1_156' title='bbox 1160 3324 1320 3407; x_wconf 87' lang='lat' dir='ltr'><strong>petitioni</strong></span> 
     </span>
     <span class='ocr_line' id='line_1_31' title="bbox 640 3423 1321 3507; baseline -0.001 -18"><span class='ocrx_word' id='word_1_157' title='bbox 640 3432 710 3489; x_wconf 84' lang='lat' dir='ltr'><strong>tuae</strong></span> <span class='ocrx_word' id='word_1_158' title='bbox 734 3425 919 3507; x_wconf 89' lang='lat' dir='ltr'><strong>plurimum</strong></span> <span class='ocrx_word' id='word_1_159' title='bbox 944 3425 981 3487; x_wconf 91' lang='lat' dir='ltr'><strong>in</strong></span> <span class='ocrx_word' id='word_1_160' title='bbox 1005 3423 1082 3487; x_wconf 91' lang='lat' dir='ltr'><strong>Deo</strong></span> <span class='ocrx_word' id='word_1_161' title='bbox 1101 3424 1321 3488; x_wconf 90' lang='lat' dir='ltr'><strong>commenda·</strong></span> 
     </span>
     <span class='ocr_line' id='line_1_32' title="bbox 639 3524 1320 3605; baseline 0.001 -16"><span class='ocrx_word' id='word_1_162' title='bbox 639 3524 700 3589; x_wconf 94' lang='lat' dir='ltr'><strong>bili</strong></span> <span class='ocrx_word' id='word_1_163' title='bbox 720 3531 821 3605; x_wconf 89' lang='lat' dir='ltr'><strong>grato</strong></span> <span class='ocrx_word' id='word_1_164' title='bbox 836 3530 1055 3588; x_wconf 89' lang='lat' dir='ltr'><strong>occurrentes</strong></span> <span class='ocrx_word' id='word_1_165' title='bbox 1071 3541 1215 3588; x_wconf 90' lang='lat' dir='ltr'><strong>assensu</strong></span> <span class='ocrx_word' id='word_1_166' title='bbox 1231 3524 1320 3590; x_wconf 86' lang='lat' dir='ltr'><strong>tales</strong></span> 
     </span>
     <span class='ocr_line' id='line_1_33' title="bbox 640 3623 1321 3704; baseline 0.001 -17"><span class='ocrx_word' id='word_1_167' title='bbox 640 3623 856 3687; x_wconf 85' lang='lat' dir='ltr'><strong>excellentiae</strong></span> <span class='ocrx_word' id='word_1_168' title='bbox 876 3629 946 3686; x_wconf 86' lang='lat' dir='ltr'><strong>tuae</strong></span> <span class='ocrx_word' id='word_1_169' title='bbox 965 3623 1224 3704; x_wconf 85' lang='lat' dir='ltr'><strong>procurabimus</strong></span> <span class='ocrx_word' id='word_1_170' title='bbox 1247 3623 1321 3688; x_wconf 89' lang='lat' dir='ltr'><strong>des·</strong></span> 
     </span>
     <span class='ocr_line' id='line_1_34' title="bbox 641 3721 1323 3805; baseline 0 -19"><span class='ocrx_word' id='word_1_171' title='bbox 641 3723 765 3800; x_wconf 89' lang='lat' dir='ltr'><strong>tiuare,</strong></span> <span class='ocrx_word' id='word_1_172' title='bbox 777 3721 837 3805; x_wconf 87' lang='lat' dir='ltr'><strong>qui</strong></span> <span class='ocrx_word' id='word_1_173' title='bbox 851 3722 942 3804; x_wconf 92' lang='lat' dir='ltr'><strong>apud</strong></span> <span class='ocrx_word' id='word_1_174' title='bbox 957 3727 992 3785; x_wconf 94' lang='lat' dir='ltr'><strong>te</strong></span> <span class='ocrx_word' id='word_1_175' title='bbox 1008 3723 1045 3784; x_wconf 91' lang='lat' dir='ltr'><strong>in</strong></span> <span class='ocrx_word' id='word_1_176' title='bbox 1061 3721 1218 3786; x_wconf 88' lang='lat' dir='ltr'><strong>doctrina</strong></span> <span class='ocrx_word' id='word_1_177' title='bbox 1234 3741 1323 3786; x_wconf 90' lang='lat' dir='ltr'><strong>sana</strong></span> 
     </span>
     <span class='ocr_line' id='line_1_35' title="bbox 643 3821 1321 3903; baseline 0 -18"><span class='ocrx_word' id='word_1_178' title='bbox 643 3828 678 3888; x_wconf 90' lang='lat' dir='ltr'><strong>et</strong></span> <span class='ocrx_word' id='word_1_179' title='bbox 712 3821 922 3884; x_wconf 88' lang='lat' dir='ltr'><strong>salutaribus</strong></span> <span class='ocrx_word' id='word_1_180' title='bbox 947 3821 1087 3885; x_wconf 90' lang='lat' dir='ltr'><strong>monitis</strong></span> <span class='ocrx_word' id='word_1_181' title='bbox 1114 3821 1204 3885; x_wconf 89' lang='lat' dir='ltr'><strong>vices</strong></span> <span class='ocrx_word' id='word_1_182' title='bbox 1237 3840 1321 3903; x_wconf 87' lang='lat' dir='ltr'><strong>apo·</strong></span> 
     </span>
     <span class='ocr_line' id='line_1_36' title="bbox 644 3919 1324 4002; baseline 0 -18"><span class='ocrx_word' id='word_1_183' title='bbox 644 3920 775 3984; x_wconf 87' lang='lat' dir='ltr'><strong>stolicae</strong></span> <span class='ocrx_word' id='word_1_184' title='bbox 791 3919 1009 3984; x_wconf 86' lang='lat' dir='ltr'><strong>auctoritatis</strong></span> <span class='ocrx_word' id='word_1_185' title='bbox 1023 3919 1220 4001; x_wconf 86' lang='lat' dir='ltr'><strong>suppleant,</strong></span> <span class='ocrx_word' id='word_1_186' title='bbox 1236 3939 1324 4002; x_wconf 89' lang='lat' dir='ltr'><strong>quo·</strong></span> 
     </span>
     <span class='ocr_line' id='line_1_37' title="bbox 643 4018 1323 4086; baseline 0.003 -4"><span class='ocrx_word' id='word_1_187' title='bbox 643 4039 719 4083; x_wconf 85' lang='lat' dir='ltr'><strong>rum</strong></span> <span class='ocrx_word' id='word_1_188' title='bbox 740 4020 845 4086; x_wconf 90' lang='lat' dir='ltr'><strong>etiam</strong></span> <span class='ocrx_word' id='word_1_189' title='bbox 868 4037 981 4082; x_wconf 85' lang='lat' dir='ltr'><strong>mores</strong></span> <span class='ocrx_word' id='word_1_190' title='bbox 1000 4026 1035 4082; x_wconf 89' lang='lat' dir='ltr'><strong>et</strong></span> <span class='ocrx_word' id='word_1_191' title='bbox 1053 4019 1177 4083; x_wconf 87' lang='lat' dir='ltr'><strong>merita</strong></span> <span class='ocrx_word' id='word_1_192' title='bbox 1198 4019 1243 4082; x_wconf 95' lang='lat' dir='ltr'><strong>ab</strong></span> <span class='ocrx_word' id='word_1_193' title='bbox 1260 4018 1323 4084; x_wconf 89' lang='lat' dir='ltr'><strong>ho·</strong></span> 
     </span>
     <span class='ocr_line' id='line_1_38' title="bbox 644 4117 1323 4183; baseline 0.001 -3"><span class='ocrx_word' id='word_1_194' title='bbox 644 4125 779 4183; x_wconf 85' lang='lat' dir='ltr'><strong>aestate</strong></span> <span class='ocrx_word' id='word_1_195' title='bbox 821 4127 856 4182; x_wconf 90' lang='lat' dir='ltr'><strong>et</strong></span> <span class='ocrx_word' id='word_1_196' title='bbox 903 4117 1071 4182; x_wconf 90' lang='lat' dir='ltr'><strong>munditia</strong></span> <span class='ocrx_word' id='word_1_197' title='bbox 1118 4117 1323 4182; x_wconf 87' lang='lat' dir='ltr'><strong>eruditionis</strong></span> 
     </span>
     <span class='ocr_line' id='line_1_39' title="bbox 638 4215 1322 4312; baseline -0.006 -30"><span class='ocrx_word' id='word_1_198' title='bbox 638 4215 855 4312; x_wconf 24' lang='lat' dir='ltr'><strong>(evangelicae</strong></span> <span class='ocrx_word' id='word_1_199' title='bbox 870 4237 938 4280; x_wconf 93' lang='lat' dir='ltr'><strong>non</strong></span> <span class='ocrx_word' id='word_1_200' title='bbox 953 4216 1160 4287; x_wconf 88' lang='lat' dir='ltr'><strong>discordent.</strong></span> <span class='ocrx_word' id='word_1_201' title='bbox 1200 4215 1322 4295; x_wconf 86' lang='lat' dir='ltr'><strong>Quan-</strong></span> 
     </span>
    </p>
   </div>
   <div class='ocr_carea' id='block_1_3' title="bbox 0 0 1601 4992">
    <p class='ocr_par' dir='ltr' id='par_1_3' title="bbox 0 0 1601 4992">
     <span class='ocr_line' id='line_1_40' title="bbox 0 0 1601 4992; baseline 0 0"><span class='ocrx_word' id='word_1_202' title='bbox 0 0 1601 4992; x_wconf 95' lang='lat' dir='ltr'><strong> </strong></span> 
     </span>
    </p>
   </div>
  </div>
 </body>
</html>
