3150 4992
589 472 791 523 encuiouns
815 473 948 526 vnmn.
1249 463 1317 530 289

215 597 273 634 Pau.
296 597 349 636 ult.

203 657 277 737 287,
295 663 349 736 29,
370 658 534 724 nataae
605 660 699 724 anan
715 662 841 740 Paris„
856 615 1040 729 annam·
1057 665 1124 731 noc
1139 667 1262 733 fecisse
1277 669 1313 734 in

377 759 432 824 bns
599 773 602 779 '
628 761 744 825 odium
763 771 799 828 et
815 763 978 828 damnum
994 765 1099 847 regis

204 887 277 963 288,
319 882 350 963 7,
366 905 435 948 ema
453 884 556 950 onlne-
604 882 723 948 denam.

369 987 414 1049 nt

201 1145 253 1155 —
298 1110 350 1186 15,
367 1109 493 1174 reddere
603 1107 776 1173 redditum
789 1117 996 1174 restaurare.

200 1266 253 1278 -
296 1229 349 1312 27,
363 1233 429 1318 rapi
437 1233 553 1318 inmene-
603 1229 698 1295 dant.

365 1333 445 1396 dnaet

201 1497 253 1509 -
297 1459 349 1532 31,
359 1454 469 1540 phenet
603 1457 719 1539 plures
737 1456 891 1524 discreti.

203 1579 277 1656 289,
317 1581 347 1658 2,
359 1580 519 1664 pertineat
602 1581 695 1645 addit
719 1581 845 1660 Paria,¹
858 1581 970 1646 ¹Circa
986 1581 1076 1645 idem
1094 1589 1230 1665 tempus
1245 1603 1309 1648 rex

626 1679 764 1764 Angliae
786 1681 961 1746 Henrious
988 1681 1163 1763 quandem
1185 1684 1308 1748 decen·
1335 1695 1336 1698 ’

626 1787 696 1845 tem
736 1781 923 1846 'ecclesiam
970 1789 1006 1845 et
1046 1783 1308 1864 congregationi

625 1882 846 1945 conventuali
872 1879 1110 1957 sufficientem,
1132 1901 1210 1944 cum
1233 1883 1307 1965 qui·

625 1981 770 2043 busdam
790 1971 945 2044 aedificiis
961 1980 1212 2064 adjacentibus,
1230 2003 1308 2065 pro-

626 2081 710 2161 priis
738 2081 934 2162 sumptibus
959 2080 1141 2146 fabricavit
1163 2081 1200 2146 in
1228 2081 1305 2146 loco

625 2179 685 2242 ubi
711 2179 849 2242 domum
874 2179 1141 2266 conversorum,
1166 2201 1229 2263 pro
1256 2202 1309 2245 re-

626 2277 824 2361 demptione
855 2279 978 2342 animae
1023 2298 1096 2343 suae
1137 2287 1173 2344 et
1216 2282 1308 2362 regis

626 2376 650 2440 J
653 2378 799 2442 ohannis
839 2379 949 2461 patris
988 2378 1042 2441 sui
1084 2365 1135 2442 et
1152 2381 1306 2444 omnium

626 2485 883 2542 antecessorum
929 2497 1082 2556 suorum,
1128 2479 1307 2565 constituit
1362 2475 1364 2478 ’

625 2596 719 2641 anuo
752 2578 849 2659 regni
883 2577 938 2642 sui
976 2578 1108 2643 decimo
1148 2581 1307 2662 septimo,

625 2676 786 2741 videlicet
801 2677 1001 2754 LoudouiiS‚
1025 2677 1117 2742 haud
1140 2680 1261 2761 procul
1285 2699 1308 2743 a

625 2774 747 2840 Veteri
772 2777 937 2860 Templo;
969 2778 1141 2859 adquam
1168 2779 1308 2842 domum

625 2875 865 2956 confugientes
902 2876 1019 2941 Judaei
1052 2879 1218 2955 conversi,
1252 2899 1306 2942 re·

626 2974 709 3039 licta
737 2974 910 3038 Judaismi
934 2980 1101 3052 caecitate,
1129 2978 1193 3039 sub
1221 2996 1308 3058 qua-

625 3073 705 3136 dam
721 3072 868 3139 honesta
884 3075 1022 3138 vivendi
1038 3061 1160 3156 regula
1176 3083 1307 3139 certum

625 3172 792 3236 haberent
818 3174 854 3236 iu
879 3181 953 3236 tota
976 3175 1049 3237 vita
1077 3193 1141 3237 sua
1168 3174 1306 3240 domici-

626 3272 722 3350 lium,
741 3279 856 3336 tutum
876 3272 1059 3354 refugium,
1083 3280 1118 3336 et
1136 3271 1307 3337 sufficiens

625 3373 708 3435 vitae
736 3379 1061 3449 sustentamentum,
1089 3371 1162 3434 sine
1189 3374 1306 3437 servili

625 3471 743 3534 labore
787 3477 824 3534 et
869 3471 1011 3534 foenoris
1060 3471 1304 3537 emolumento.

626 3569 728 3634 Unde
762 3569 890 3634 fectum
925 3578 990 3647 est,
1022 3570 1114 3653 quod
1144 3572 1180 3633 iu
1209 3572 1306 3636 brevi

625 3677 857 3752 congregatus
887 3677 940 3734 est
968 3670 1095 3734 ibidem
1125 3690 1305 3736 converso

626 3789 701 3832 rum
728 3789 892 3834 numerus
917 3770 1089 3853 copiosus,
1115 3776 1151 3834 et
1179 3771 1304 3834 ibidem

625 3869 791 3952 baptizati
811 3878 846 3933 et
864 3868 1137 3933 Christianorum
1160 3870 1237 3951 lege
1252 3870 1305 3932 in-

625 3969 750 4033 structi
779 3969 902 4033 vivunt
933 3967 1164 4044 laudabiliter,
1194 3969 1305 4050 perito

626 4075 759 4131 rectore
779 4067 822 4131 ad
845 4067 910 4130 hoc
929 4067 1125 4150 specialiter
1140 4067 1307 4150 deputato

626 4167 820 4247 gubernati.
858 4166 1022 4230 Similiter
1035 4166 1165 4248 Spiritu
1177 4166 1305 4231 Sancto

627 4274 743 4330 tactus
760 4275 796 4330 et
812 4266 952 4348 pietatis
974 4267 1102 4329 intuitu
1123 4285 1307 4348 compunc-

1131 4382 1155 4428 u
