3150 4992
258 441 327 508 ela
625 457 832 506 ,nncrronns
855 457 989 507 vanis.

277 702 282 706 .
314 639 516 705 Pateshulle
533 640 706 718 clericum,
723 641 832 704 lilium
847 639 1006 704 videlicet
1019 639 1172 704 Simonis
1188 640 1231 703 de
1248 639 1368 704 Pates-

313 738 419 817 holle,
431 741 491 822 qui
502 740 708 822 quandoque
721 740 874 804 habenas
885 740 1127 804 moderabatur
1139 741 1247 805 totius
1257 739 1366 820 regni,

309 837 504 922 justitiarii,
520 841 633 903 virum
653 839 789 904 fidelem
813 846 849 903 et
868 839 1063 916 honestum,
1084 840 1161 902 loco
1183 839 1367 922 praedicto-

312 957 401 1014 rum,
411 939 569 1019 quamvis
580 939 796 1015 renitentem,
804 939 1019 1020 subrogavit.
1053 937 1369 1003 Administraverat

314 1036 405 1099 enim
423 1037 513 1100 idem
532 1037 641 1118 Hugo
659 1036 806 1100 officium
829 1039 993 1102 scaccarii
1015 1045 1118 1101 antea
1134 1038 1367 1115 laudabiliter,

314 1135 500 1199 secundum
515 1137 607 1218 quod
621 1137 819 1219 appellatur
835 1144 1003 1201 secretum
1022 1137 1198 1214 scaccarii,
1214 1137 1367 1218 sigillum
1450 1216 1453 1219 .

313 1234 540 1300 custodiendo
556 1243 592 1300 et
607 1235 786 1300 diffinitam
805 1237 986 1318 pecuniam
1005 1256 1026 1299 a
1040 1237 1299 1302 vicecomitibus
1314 1256 1366 1298 re-

313 1333 472 1416 cipiendo
488 1355 498 1415 3
528 1354 635 1418 quare
654 1335 788 1418 plenior
807 1336 892 1399 fides
913 1342 967 1400 est
982 1337 1013 1398 ei
1033 1336 1197 1415 adhibita,
1222 1343 1368 1420 paterna

314 1432 480 1499 fidelitate
496 1435 731 1499 testimonium
748 1435 828 1499 lidei
844 1435 1054 1518 perhibente.

274 1571 333 1609 HG.
355 1572 409 1610 ΠΙ.

264 1635 340 1708 315,
378 1636 409 1710 3,
427 1635 580 1720 Baptista
661 1637 750 1700 decet

262 1793 314 1804 -
358 1759 564 1841 14,feceraat
660 1759 852 1840 faciontes3
875 1759 1087 1824 clitellarios

262 1916 314 1928 —
358 1884 410 1958 19,
427 1880 537 1948 dicebis
662 1881 782 1947 divisis
798 1883 1001 1966 prudentius
1018 1884 1160 1948 bellicis

261 2045 314 2060 -
358 2009 775 2093 20,1mdiqe0...totum
814 2008 1003 2071 exercitum
1020 2068 1023 2075 Α
1041 2027 1142 2071 suum
1179 2006 1366 2071 admodum

427 2109 574 2174 contrivit
683 2125 904 2170 numerosum
917 2107 953 2170 in
973 2114 1043 2170 tres
1067 2107 1184 2172 divisit
1198 2106 1364 2186 legiones,

684 2212 723 2268 ut
734 2206 858 2269 minori
872 2206 976 2270 trium
992 2207 1052 2270 vix
1062 2206 1234 2270 videretur
1248 2225 1362 2270 comes

684 2303 878 2370 Britanniae
896 2306 1053 2369 omnibus
1073 2306 1209 2369 collatis
1230 2305 1364 2370 viribus

684 2405 860 2482 resistere;
877 2404 1026 2486 undique
1037 2403 1253 2468 Britanniam
1265 2405 1364 2468 inva-

684 2501 797 2567 dendo
822 2504 947 2568 acriter
963 2503 1157 2584 insurgens„
1181 2522 1275 2566 more
1294 2503 1365 2566 leo·

684 2601 751 2678 nis,
773 2604 834 2684 qui
855 2622 933 2665 cum
954 2602 1093 2667 laeditur
1110 2603 1265 2666 acerbius
1281 2603 1365 2677 bac·

683 2698 808 2762 chatur
835 2702 871 2764 in
901 2701 1074 2778 rebellem,
1107 2707 1142 2765 et
1176 2701 1364 2764 Britannos

685 2798 785 2880 gravi
800 2798 926 2863 afflixit
941 2801 1156 2865 contritione.

263 2920 337 2999 316,
378 2918 525 3004 4,soedcs
661 2940 782 2985 versus
798 2920 834 2984 in
848 2941 964 2985 arcum
982 2907 1129 3005 pravum
1146 2921 1271 2986 foedus.

263 3041 338 3121 317,
378 3046 409 3120 4,
426 3052 591 3128 medonta
660 3044 891 3123 udelitParis,
906 3045 1030 3110 Comes
1047 3045 1365 3112 verovidensmala

684 3143 751 3208 sibi
775 3145 1018 3227 multiplicata,
1048 3147 1084 3209 in
1108 3146 1223 3228 seipso
1253 3146 1365 3210 tabes·

685 3261 766 3306 cens
789 3263 862 3325 prae
884 3243 1001 3308 dolore
1023 3250 1059 3307 et
1073 3244 1281 3321 infrendens,
1302 3264 1365 3327 per

684 3360 779 3405 mare
796 3343 933 3424 paravit
953 3342 1096 3407 insidias
1118 3343 1365 3407 mercatoribus

685 3448 720 3505 et
745 3441 822 3504 aliis
847 3441 1051 3506 facientibus
1079 3443 1296 3525 operationes
1327 3443 1364 3505 in

686 3540 797 3621 aquis,
803 3541 911 3624 juxta
921 3542 1364 3622 cognomensuum,scilicet

686 3637 909 3716 ‘Mauclerc,’
942 3641 1073 3723 rapinis
1105 3641 1281 3724 injuriosis
1310 3641 1364 3703 in-

685 3735 861 3815 tendebat,
876 3738 991 3821 pirata
1006 3740 1118 3804 factus
1136 3739 1352 3804 execrabilis.

261 3897 312 3908 -
357 3858 411 3931 14,
420 3855 592 3940 pascendos
659 3857 873 3924 reficiendos.

261 4021 312 4032 -
357 3979 614 4057 liberaberis
661 3981 778 4046 liniret
796 3983 873 4047 oleo
891 3984 1147 4049 consolationis.

425 4088 549 4143 mearet

261 4235 312 4246 —
357 4203 408 4279 33,
423 4200 571 4267 soricibus
660 4202 826 4267 muribus.
