3150 4992
252 444 296 508 26
629 459 828 509 nncrronns
853 459 984 508 vanis.

254 585 311 621 Plu.
349 585 400 620 ult.

256 645 307 721 47,
346 649 399 719 32,
416 653 601 708 tructus...
654 644 772 709 daunai.

418 745 564 829 cryruitur

255 874 309 946 48,
371 870 400 943 1,
416 887 604 932 raur..cou-
642 885 735 948 reus
761 867 972 950 postulatur.
1025 866 1121 932 Huic
1147 869 1360 932 accusationi

414 968 568 1030 anunm
678 973 713 1028 et
728 966 867 1047 plurimi
883 967 1036 1051 episcopi
1055 975 1183 1049 praeter
1198 966 1359 1031 Gundul-

677 1064 796 1146 phnm,
815 1065 1012 1130 Roffensem
1028 1067 1239 1149 episcopum,
1258 1087 1357 1130 suum

678 1164 850 1228 calculum
866 1166 1087 1259 adjiciebant,
1102 1172 1149 1229 et.
1214 1186 1230 1202 ²

253 1325 304 1342 -·
368 1289 399 1366 7,
415 1289 461 1353 ud
481 1309 592 1373 pacem
655 1305 776 1370 pacem
805 1308 883 1353 cum
911 1309 993 1371 rege
1023 1290 1120 1352 illum
1148 1290 1360 1372 redintegra-

420 1389 592 1452 ...redire
676 1395 803 1451 turum.

255 1549 306 1564 -
349 1516 605 1598 2l‚potarutpro-
655 1529 758 1592 posse
773 1512 825 1575 uti
842 1519 878 1576 et
891 1511 971 1575 frui.

404 1634 518 1696 sperare

256 1770 306 1783 -
349 1734 401 1808 22,
412 1733 462 1795 aiu
472 1741 604 1795 amau..
656 1733 710 1796 sin
739 1752 838 1796 secus
865 1733 897 1796 ei
924 1733 1038 1798 visum
1069 1742 1173 1811 esset,
1200 1733 1360 1816 trajicere

419 1830 590 1895 morundi·
679 1832 818 1916 quidem
831 1833 977 1896 liberum
992 1852 1080 1910 esse,
1091 1833 1152 1896 sed
1166 1833 1359 1904 inconsulte

679 1932 715 1994 id
739 1932 924 2008 facturum,
951 1933 1120 2015 siquidem
1147 1931 1277 1996 nullam
1305 1952 1359 1995 re-

679 2030 835 2095 vertendi
856 2051 950 2114 spem
969 2032 1004 2094 in
1024 2040 1200 2115 posterum
1219 2032 1250 2095 ei
1266 2031 1360 2095 futu-

679 2150 765 2194 ram.

254 2293 306 2308 -
348 2255 401 2331 26,
416 2252 606 2317 aarum..
658 2252 728 2317 His
745 2253 885 2330 auditis,
901 2254 1064 2318 recedens
1081 2255 1359 2338 archiepiscopus

419 2352 543 2417 concilii
679 2372 723 2417 ex
741 2354 899 2418 concilio.

256 2479 308 2552 49,
370 2481 399 2551 5,
422 2474 608 2560 confusionis
656 2478 850 2560 perturbati
865 2479 981 2542 animi.

255 2638 307 2650 -
350 2601 401 2675 28,
423 2598 607 2683 ralipiositos
657 2603 768 2686 pietas
784 2611 819 2668 et
836 2604 931 2668 vitae.

420 2707 449 2762 et
465 2697 607 2782 raliqioau

255 2862 306 2874 -
349 2824 401 2896 29,
417 2821 513 2885 seculo
656 2824 721 2888 hoc
736 2824 875 2887 mundo.

256 2981 304 2996 -
348 2949 400 3022 30,
417 2945 476 3009 aedi
499 2945 592 3008 cutio
657 2968 767 3012 usum.

420 3067 487 3110 uam

256 3209 306 3221 -
349 3174 401 3248 32,
416 3173 494 3237 sutis
520 3195 606 3238 omu-
657 3177 786 3251 gratus.

421 3271 491 3337 bilis

257 3397 308 3469 50,
375 3398 404 3471 1,
419 3405 517 3459 matre
656 3389 748 3453 addit
765 3389 891 3466 Paris,
919 3389 955 3452 in
977 3389 1087 3453 literis
1115 3394 1150 3452 et
1167 3387 1360 3471 disciplinis

680 3507 800 3562 sacrus,
817 3508 915 3570 quas.

255 3653 305 3665 —
370 3616 402 3690 2,
421 3616 520 3680 literis
541 3664 549 3679 .
569 3664 578 3682 .
598 3663 604 3677 .
657 3613 837 3690 didicerat,
854 3613 978 3677 mirum
995 3613 1031 3676 in
1048 3613 1187 3678 modum
1201 3621 1360 3678 versatus

420 3715 559 3779 eruditus
678 3721 766 3778 erat.

256 3874 303 3886 -
370 3840 399 3916 6,
416 3838 470 3902 aad
483 3861 606 3925 ...poc
657 3838 692 3900 in
715 3844 846 3902 sanctae
867 3837 1090 3920 professionis
1114 3836 1247 3913 habitu,
1268 3835 1360 3919 quod

418 3938 522 4002 duram
623 4015 625 4019 y
679 3938 849 4020 reliquum
864 3937 947 4000 vitae
964 3943 1051 4010 erat,
1066 3937 1268 4018 transigere.
1356 4012 1358 4017 Ι

253 4103 303 4114 --
347 4064 397 4140 11,
409 4064 606 4128 monachilem
656 4061 842 4127 monachili
860 4061 980 4124 habitu
999 4107 1006 4123 .
1027 4068 1203 4144 ..postea
1223 4080 1359 4143 promo·

407 4210 414 4224 .
431 4172 607 4247 ,protuetur
679 4170 733 4225 tus
752 4169 817 4238 est,
831 4160 983 4226 indutus.

240 4323 301 4382 ¹-
344 4285 606 4366 luadarlraados
655 4285 906 4368 suspiciendus.
