<?xml version="1.0" encoding="UTF-8"?>
<!DOCTYPE html PUBLIC "-//W3C//DTD XHTML 1.0 Transitional//EN"
    "http://www.w3.org/TR/xhtml1/DTD/xhtml1-transitional.dtd">
<html xmlns="http://www.w3.org/1999/xhtml" xml:lang="en" lang="en">
 <head>
  <title>
</title>
<meta http-equiv="Content-Type" content="text/html;charset=utf-8" />
  <meta name='ocr-system' content='tesseract 3.04.00' />
  <meta name='ocr-capabilities' content='ocr_page ocr_carea ocr_par ocr_line ocrx_word'/>
</head>
<body>
  <div class='ocr_page' id='page_1' title='image "appendixadroger00parigoog_0298.png"; bbox 0 0 3150 4992; ppageno 0'>
   <div class='ocr_carea' id='block_1_1' title="bbox 605 443 1335 506">
    <p class='ocr_par' dir='ltr' id='par_1_1' title="bbox 605 443 1335 506">
     <span class='ocr_line' id='line_1_1' title="bbox 605 443 1335 506; baseline 0.005 -4"><span class='ocrx_word' id='word_1_1' title='bbox 605 454 805 504; x_wconf 75' lang='lat' dir='ltr'>nuc‘rronns</span> <span class='ocrx_word' id='word_1_2' title='bbox 828 455 958 501; x_wconf 76' lang='lat' dir='ltr'>unnim.</span> <span class='ocrx_word' id='word_1_3' title='bbox 1271 443 1335 506; x_wconf 85' lang='grc'>277</span> 
     </span>
    </p>
   </div>
   <div class='ocr_carea' id='block_1_2' title="bbox 248 637 1339 2580">
    <p class='ocr_par' dir='ltr' id='par_1_2' title="bbox 248 637 1339 2580">
     <span class='ocr_line' id='line_1_2' title="bbox 283 637 1335 719; baseline -0.002 -17"><span class='ocrx_word' id='word_1_4' title='bbox 283 640 431 714; x_wconf 84' lang='lat' dir='ltr'>domino,</span> <span class='ocrx_word' id='word_1_5' title='bbox 455 639 506 702; x_wconf 89' lang='lat' dir='ltr'>ita</span> <span class='ocrx_word' id='word_1_6' title='bbox 527 644 567 701; x_wconf 94' lang='lat' dir='ltr'>ut</span> <span class='ocrx_word' id='word_1_7' title='bbox 589 637 774 719; x_wconf 85' lang='lat' dir='ltr'>aliquando</span> <span class='ocrx_word' id='word_1_8' title='bbox 795 656 902 719; x_wconf 88' lang='lat' dir='ltr'>equos</span> <span class='ocrx_word' id='word_1_9' title='bbox 924 637 1101 701; x_wconf 81' lang='lat' dir='ltr'><strong>comedere</strong></span> <span class='ocrx_word' id='word_1_10' title='bbox 1127 639 1335 719; x_wconf 81' lang='lat' dir='ltr'>cogebatur3</span> 
     </span>
     <span class='ocr_line' id='line_1_3' title="bbox 281 737 1335 820; baseline 0.001 -20"><span class='ocrx_word' id='word_1_11' title='bbox 281 740 332 803; x_wconf 91' lang='lat' dir='ltr'>ita</span> <span class='ocrx_word' id='word_1_12' title='bbox 355 739 457 802; x_wconf 89' lang='lat' dir='ltr'>etiam</span> <span class='ocrx_word' id='word_1_13' title='bbox 478 737 569 820; x_wconf 92' lang='lat' dir='ltr'>qnod</span> <span class='ocrx_word' id='word_1_14' title='bbox 593 737 709 800; x_wconf 91' lang='lat' dir='ltr'>hostes</span> <span class='ocrx_word' id='word_1_15' title='bbox 728 737 837 799; x_wconf 81' lang='lat' dir='ltr'>nostri</span> <span class='ocrx_word' id='word_1_16' title='bbox 852 737 1082 800; x_wconf 76' lang='lat' dir='ltr'>constantiam</span> <span class='ocrx_word' id='word_1_17' title='bbox 1100 737 1135 800; x_wconf 90' lang='lat' dir='ltr'>in</span> <span class='ocrx_word' id='word_1_18' title='bbox 1158 756 1199 800; x_wconf 90' lang='lat' dir='ltr'>eo</span> <span class='ocrx_word' id='word_1_19' title='bbox 1216 737 1335 801; x_wconf 85' lang='lat' dir='ltr'>lauda·</span> 
     </span>
     <span class='ocr_line' id='line_1_4' title="bbox 282 834 1333 918; baseline -0.002 -16"><span class='ocrx_word' id='word_1_20' title='bbox 282 845 407 902; x_wconf 84' lang='lat' dir='ltr'>verunt</span> <span class='ocrx_word' id='word_1_21' title='bbox 420 837 627 915; x_wconf 67' lang='lat' dir='ltr'>mirabilem</span> <span class='ocrx_word' id='word_1_22' title='bbox 651 835 711 917; x_wconf 93' lang='lat' dir='ltr'>qui</span> <span class='ocrx_word' id='word_1_23' title='bbox 726 835 825 898; x_wconf 90' lang='lat' dir='ltr'>nobis</span> <span class='ocrx_word' id='word_1_24' title='bbox 838 835 1027 912; x_wconf 89' lang='lat' dir='ltr'>Doveram,</span> <span class='ocrx_word' id='word_1_25' title='bbox 1039 836 1170 899; x_wconf 90' lang='lat' dir='ltr'>clavem</span> <span class='ocrx_word' id='word_1_26' title='bbox 1182 834 1333 918; x_wconf 82' lang='lat' dir='ltr'>Angnae,</span> 
     </span>
     <span class='ocr_line' id='line_1_5' title="bbox 284 933 1335 1016; baseline 0 -17"><span class='ocrx_word' id='word_1_27' title='bbox 284 943 405 1000; x_wconf 89' lang='lat' dir='ltr'>contra</span> <span class='ocrx_word' id='word_1_28' title='bbox 424 956 540 1016; x_wconf 82' lang='lat' dir='ltr'>regem</span> <span class='ocrx_word' id='word_1_29' title='bbox 569 933 695 998; x_wconf 82' lang='lat' dir='ltr'>Galliae</span> <span class='ocrx_word' id='word_1_30' title='bbox 723 941 757 999; x_wconf 88' lang='lat' dir='ltr'>et</span> <span class='ocrx_word' id='word_1_31' title='bbox 785 953 883 997; x_wconf 86' lang='lat' dir='ltr'>suam</span> <span class='ocrx_word' id='word_1_32' title='bbox 911 936 1121 1016; x_wconf 72' lang='lat' dir='ltr'>exquisitam</span> <span class='ocrx_word' id='word_1_33' title='bbox 1144 936 1335 1016; x_wconf 87' lang='lat' dir='ltr'>potentiam</span> 
     </span>
     <span class='ocr_line' id='line_1_6' title="bbox 285 1033 1337 1118; baseline 0 -20"><span class='ocrx_word' id='word_1_34' title='bbox 285 1055 347 1117; x_wconf 87' lang='lat' dir='ltr'>per</span> <span class='ocrx_word' id='word_1_35' title='bbox 368 1044 504 1118; x_wconf 90' lang='lat' dir='ltr'>tempus</span> <span class='ocrx_word' id='word_1_36' title='bbox 526 1033 725 1097; x_wconf 86' lang='lat' dir='ltr'>diuturnum</span> <span class='ocrx_word' id='word_1_37' title='bbox 747 1035 988 1113; x_wconf 81' lang='lat' dir='ltr'>conservavit3</span> <span class='ocrx_word' id='word_1_38' title='bbox 1012 1034 1072 1116; x_wconf 91' lang='lat' dir='ltr'>qui</span> <span class='ocrx_word' id='word_1_39' title='bbox 1095 1035 1131 1097; x_wconf 91' lang='lat' dir='ltr'>in</span> <span class='ocrx_word' id='word_1_40' title='bbox 1150 1034 1237 1096; x_wconf 89' lang='lat' dir='ltr'>mari</span> <span class='ocrx_word' id='word_1_41' title='bbox 1257 1055 1337 1116; x_wconf 89' lang='lat' dir='ltr'>pro-</span> 
     </span>
     <span class='ocr_line' id='line_1_7' title="bbox 283 1128 1336 1213; baseline -0.001 -17"><span class='ocrx_word' id='word_1_42' title='bbox 283 1128 466 1197; x_wconf 79' lang='lat' dir='ltr'>sternendo</span> <span class='ocrx_word' id='word_1_43' title='bbox 480 1133 636 1197; x_wconf 92' lang='lat' dir='ltr'>inimicos</span> <span class='ocrx_word' id='word_1_44' title='bbox 654 1139 818 1213; x_wconf 87' lang='lat' dir='ltr'>operatus</span> <span class='ocrx_word' id='word_1_45' title='bbox 841 1138 894 1195; x_wconf 92' lang='lat' dir='ltr'>est</span> <span class='ocrx_word' id='word_1_46' title='bbox 912 1133 1087 1196; x_wconf 68' lang='lat' dir='ltr'>salntem?</span> <span class='ocrx_word' id='word_1_47' title='bbox 1141 1131 1235 1210; x_wconf 84' lang='lat' dir='ltr'><strong>Quid</strong></span> <span class='ocrx_word' id='word_1_48' title='bbox 1252 1132 1336 1196; x_wconf 91' lang='lat' dir='ltr'>Lin-</span> 
     </span>
     <span class='ocr_line' id='line_1_8' title="bbox 286 1231 1335 1314; baseline 0.001 -19"><span class='ocrx_word' id='word_1_49' title='bbox 286 1233 420 1309; x_wconf 87' lang='lat' dir='ltr'>colniee,</span> <span class='ocrx_word' id='word_1_50' title='bbox 444 1232 526 1314; x_wconf 94' lang='lat' dir='ltr'>quid</span> <span class='ocrx_word' id='word_1_51' title='bbox 553 1231 768 1295; x_wconf 86' lang='lat' dir='ltr'>Bedcfordiae</span> <span class='ocrx_word' id='word_1_52' title='bbox 795 1238 895 1310; x_wconf 84' lang='lat' dir='ltr'>gesta</span> <span class='ocrx_word' id='word_1_53' title='bbox 917 1231 992 1314; x_wconf 91' lang='lat' dir='ltr'>ejus</span> <span class='ocrx_word' id='word_1_54' title='bbox 1012 1231 1143 1314; x_wconf 86' lang='lat' dir='ltr'>optima</span> <span class='ocrx_word' id='word_1_55' title='bbox 1166 1232 1335 1296; x_wconf 65' lang='lat' dir='ltr'>reseram?</span> 
     </span>
     <span class='ocr_line' id='line_1_9' title="bbox 286 1329 1335 1413; baseline 0.001 -19"><span class='ocrx_word' id='word_1_56' title='bbox 286 1330 309 1394; x_wconf 88' lang='lat' dir='ltr'><strong>J</strong></span> <span class='ocrx_word' id='word_1_57' title='bbox 313 1331 427 1396; x_wconf 90' lang='lat' dir='ltr'>udicet</span> <span class='ocrx_word' id='word_1_58' title='bbox 450 1331 548 1395; x_wconf 89' lang='lat' dir='ltr'>Deus</span> <span class='ocrx_word' id='word_1_59' title='bbox 573 1331 663 1393; x_wconf 88' lang='lat' dir='ltr'>inter</span> <span class='ocrx_word' id='word_1_60' title='bbox 684 1329 796 1411; x_wconf 90' lang='lat' dir='ltr'>ipsum</span> <span class='ocrx_word' id='word_1_61' title='bbox 822 1338 857 1394; x_wconf 91' lang='lat' dir='ltr'>et</span> <span class='ocrx_word' id='word_1_62' title='bbox 876 1348 949 1403; x_wconf 87' lang='lat' dir='ltr'>vos,</span> <span class='ocrx_word' id='word_1_63' title='bbox 973 1331 1055 1412; x_wconf 84' lang='lat' dir='ltr'>quia</span> <span class='ocrx_word' id='word_1_64' title='bbox 1075 1331 1205 1413; x_wconf 90' lang='lat' dir='ltr'>injuste</span> <span class='ocrx_word' id='word_1_65' title='bbox 1227 1339 1262 1395; x_wconf 92' lang='lat' dir='ltr'>et</span> <span class='ocrx_word' id='word_1_66' title='bbox 1282 1332 1335 1395; x_wconf 91' lang='lat' dir='ltr'>in·</span> 
     </span>
     <span class='ocr_line' id='line_1_10' title="bbox 286 1429 1337 1511; baseline 0 -19"><span class='ocrx_word' id='word_1_67' title='bbox 286 1429 434 1494; x_wconf 90' lang='lat' dir='ltr'>humane</span> <span class='ocrx_word' id='word_1_68' title='bbox 456 1451 533 1494; x_wconf 91' lang='lat' dir='ltr'>eum</span> <span class='ocrx_word' id='word_1_69' title='bbox 555 1430 735 1508; x_wconf 83' lang='lat' dir='ltr'>tractatis3</span> <span class='ocrx_word' id='word_1_70' title='bbox 768 1429 860 1492; x_wconf 85' lang='lat' dir='ltr'>mala</span> <span class='ocrx_word' id='word_1_71' title='bbox 880 1448 942 1510; x_wconf 89' lang='lat' dir='ltr'>pro</span> <span class='ocrx_word' id='word_1_72' title='bbox 963 1430 1072 1507; x_wconf 90' lang='lat' dir='ltr'>bonis,</span> <span class='ocrx_word' id='word_1_73' title='bbox 1095 1431 1164 1492; x_wconf 93' lang='lat' dir='ltr'>imo</span> <span class='ocrx_word' id='word_1_74' title='bbox 1186 1430 1337 1511; x_wconf 88' lang='lat' dir='ltr'>pessima</span> 
     </span>
     <span class='ocr_line' id='line_1_11' title="bbox 286 1527 1337 1611; baseline 0.002 -21"><span class='ocrx_word' id='word_1_75' title='bbox 286 1549 349 1611; x_wconf 92' lang='lat' dir='ltr'>pro</span> <span class='ocrx_word' id='word_1_76' title='bbox 371 1530 522 1611; x_wconf 88' lang='lat' dir='ltr'>optimis,</span> <span class='ocrx_word' id='word_1_77' title='bbox 542 1527 803 1609; x_wconf 90' lang='lat' dir='ltr'>impendentes.’</span> <span class='ocrx_word' id='word_1_78' title='bbox 854 1528 1036 1593; x_wconf 88' lang='lat' dir='ltr'>Hubertus</span> <span class='ocrx_word' id='word_1_79' title='bbox 1053 1536 1181 1605; x_wconf 86' lang='lat' dir='ltr'>autem,</span> <span class='ocrx_word' id='word_1_80' title='bbox 1203 1527 1257 1591; x_wconf 93' lang='lat' dir='ltr'>his</span> <span class='ocrx_word' id='word_1_81' title='bbox 1275 1548 1337 1592; x_wconf 92' lang='lat' dir='ltr'>au-</span> 
     </span>
     <span class='ocr_line' id='line_1_12' title="bbox 287 1625 1336 1708; baseline 0 -17"><span class='ocrx_word' id='word_1_82' title='bbox 287 1629 381 1705; x_wconf 88' lang='lat' dir='ltr'>ditis,</span> <span class='ocrx_word' id='word_1_83' title='bbox 404 1630 530 1692; x_wconf 88' lang='lat' dir='ltr'>tacitus</span> <span class='ocrx_word' id='word_1_84' title='bbox 550 1628 586 1690; x_wconf 90' lang='lat' dir='ltr'>in</span> <span class='ocrx_word' id='word_1_85' title='bbox 609 1626 711 1691; x_wconf 90' lang='lat' dir='ltr'>corde</span> <span class='ocrx_word' id='word_1_86' title='bbox 729 1625 969 1690; x_wconf 80' lang='lat' dir='ltr'>considerabat</span> <span class='ocrx_word' id='word_1_87' title='bbox 985 1626 1070 1691; x_wconf 93' lang='lat' dir='ltr'>illud</span> <span class='ocrx_word' id='word_1_88' title='bbox 1088 1627 1336 1708; x_wconf 83' lang='lat' dir='ltr'>evangelicum,</span> 
     </span>
     <span class='ocr_line' id='line_1_13' title="bbox 287 1725 1339 1808; baseline 0 -18"><span class='ocrx_word' id='word_1_89' title='bbox 287 1726 485 1792; x_wconf 86' lang='lat' dir='ltr'>‘Confiteor</span> <span class='ocrx_word' id='word_1_90' title='bbox 505 1727 579 1802; x_wconf 91' lang='lat' dir='ltr'>tibi,</span> <span class='ocrx_word' id='word_1_91' title='bbox 608 1725 715 1788; x_wconf 88' lang='lat' dir='ltr'>Pater</span> <span class='ocrx_word' id='word_1_92' title='bbox 735 1725 811 1790; x_wconf 85' lang='lat' dir='ltr'>caeli</span> <span class='ocrx_word' id='word_1_93' title='bbox 832 1732 867 1789; x_wconf 90' lang='lat' dir='ltr'>et</span> <span class='ocrx_word' id='word_1_94' title='bbox 888 1732 1000 1802; x_wconf 81' lang='lat' dir='ltr'>terrae,</span> <span class='ocrx_word' id='word_1_95' title='bbox 1026 1726 1108 1808; x_wconf 89' lang='lat' dir='ltr'>qnia</span> <span class='ocrx_word' id='word_1_96' title='bbox 1129 1727 1339 1792; x_wconf 86' lang='lat' dir='ltr'>abscondisti</span> 
     </span>
     <span class='ocr_line' id='line_1_14' title="bbox 287 1825 1338 1907; baseline 0 -18"><span class='ocrx_word' id='word_1_97' title='bbox 287 1845 428 1889; x_wconf 86' lang='lat' dir='ltr'>causam</span> <span class='ocrx_word' id='word_1_98' title='bbox 447 1845 557 1889; x_wconf 86' lang='lat' dir='ltr'>meam</span> <span class='ocrx_word' id='word_1_99' title='bbox 579 1843 601 1886; x_wconf 87' lang='lat' dir='ltr'>a</span> <span class='ocrx_word' id='word_1_100' title='bbox 620 1825 846 1907; x_wconf 84' lang='lat' dir='ltr'>prudentibus</span> <span class='ocrx_word' id='word_1_101' title='bbox 871 1832 906 1888; x_wconf 93' lang='lat' dir='ltr'>et</span> <span class='ocrx_word' id='word_1_102' title='bbox 928 1827 1097 1907; x_wconf 62' lang='lat' dir='ltr'>superbis»,</span> <span class='ocrx_word' id='word_1_103' title='bbox 1119 1832 1155 1889; x_wconf 89' lang='lat' dir='ltr'>et</span> <span class='ocrx_word' id='word_1_104' title='bbox 1176 1825 1338 1890; x_wconf 79' lang='lat' dir='ltr'>reuelasti</span> 
     </span>
     <span class='ocr_line' id='line_1_15' title="bbox 286 1923 1338 2008; baseline 0 -20"><span class='ocrx_word' id='word_1_105' title='bbox 286 1926 495 2008; x_wconf 84' lang='lat' dir='ltr'>pauperibus</span> <span class='ocrx_word' id='word_1_106' title='bbox 512 1935 547 1988; x_wconf 92' lang='lat' dir='ltr'>et</span> <span class='ocrx_word' id='word_1_107' title='bbox 563 1923 770 2003; x_wconf 83' lang='lat' dir='ltr'>humilibus3</span> <span class='ocrx_word' id='word_1_108' title='bbox 794 1925 857 1986; x_wconf 90' lang='lat' dir='ltr'>tibi</span> <span class='ocrx_word' id='word_1_109' title='bbox 882 1925 1033 1988; x_wconf 86' lang='lat' dir='ltr'>revelavi</span> <span class='ocrx_word' id='word_1_110' title='bbox 1054 1943 1193 1988; x_wconf 86' lang='lat' dir='ltr'>causam</span> <span class='ocrx_word' id='word_1_111' title='bbox 1214 1943 1338 2001; x_wconf 86' lang='lat' dir='ltr'>meam,</span> 
     </span>
     <span class='ocr_line' id='line_1_16' title="bbox 288 2021 1338 2106; baseline 0 -20"><span class='ocrx_word' id='word_1_112' title='bbox 288 2024 384 2088; x_wconf 90' lang='lat' dir='ltr'>Deus</span> <span class='ocrx_word' id='word_1_113' title='bbox 407 2044 516 2088; x_wconf 89' lang='lat' dir='ltr'>meus.</span> <span class='ocrx_word' id='word_1_114' title='bbox 569 2021 837 2086; x_wconf 86' lang='lat' dir='ltr'>Insurrexerunt</span> <span class='ocrx_word' id='word_1_115' title='bbox 853 2023 941 2085; x_wconf 88' lang='lat' dir='ltr'>enim</span> <span class='ocrx_word' id='word_1_116' title='bbox 961 2023 996 2085; x_wconf 91' lang='lat' dir='ltr'>in</span> <span class='ocrx_word' id='word_1_117' title='bbox 1018 2041 1072 2086; x_wconf 93' lang='lat' dir='ltr'>me</span> <span class='ocrx_word' id='word_1_118' title='bbox 1094 2029 1200 2087; x_wconf 89' lang='lat' dir='ltr'>testes</span> <span class='ocrx_word' id='word_1_119' title='bbox 1215 2024 1338 2106; x_wconf 90' lang='lat' dir='ltr'>iniqui,</span> 
     </span>
     <span class='ocr_line' id='line_1_17' title="bbox 288 2120 1339 2203; baseline -0.001 -17"><span class='ocrx_word' id='word_1_120' title='bbox 288 2131 323 2187; x_wconf 89' lang='lat' dir='ltr'>et</span> <span class='ocrx_word' id='word_1_121' title='bbox 345 2123 490 2187; x_wconf 87' lang='lat' dir='ltr'>mentita</span> <span class='ocrx_word' id='word_1_122' title='bbox 510 2129 564 2186; x_wconf 91' lang='lat' dir='ltr'>est</span> <span class='ocrx_word' id='word_1_123' title='bbox 584 2121 749 2203; x_wconf 85' lang='lat' dir='ltr'>iniquitas</span> <span class='ocrx_word' id='word_1_124' title='bbox 771 2121 861 2184; x_wconf 62' lang='lat' dir='ltr'>sibi?</span> <span class='ocrx_word' id='word_1_125' title='bbox 913 2120 1121 2184; x_wconf 86' lang='lat' dir='ltr'>Godefridus</span> <span class='ocrx_word' id='word_1_126' title='bbox 1145 2122 1188 2185; x_wconf 94' lang='lat' dir='ltr'>de</span> <span class='ocrx_word' id='word_1_127' title='bbox 1209 2121 1339 2186; x_wconf 83' lang='lat' dir='ltr'>Graue-</span> 
     </span>
     <span class='ocr_line' id='line_1_18' title="bbox 287 2221 1338 2301; baseline 0 -16"><span class='ocrx_word' id='word_1_128' title='bbox 287 2224 409 2286; x_wconf 90' lang='lat' dir='ltr'>cnmbe</span> <span class='ocrx_word' id='word_1_129' title='bbox 431 2231 545 2285; x_wconf 88' lang='lat' dir='ltr'>autem</span> <span class='ocrx_word' id='word_1_130' title='bbox 564 2227 599 2284; x_wconf 89' lang='lat' dir='ltr'>et</span> <span class='ocrx_word' id='word_1_131' title='bbox 616 2221 682 2297; x_wconf 90' lang='lat' dir='ltr'>sui,</span> <span class='ocrx_word' id='word_1_132' title='bbox 704 2227 739 2284; x_wconf 88' lang='lat' dir='ltr'>et</span> <span class='ocrx_word' id='word_1_133' title='bbox 760 2221 820 2301; x_wconf 92' lang='lat' dir='ltr'>qui</span> <span class='ocrx_word' id='word_1_134' title='bbox 844 2240 920 2284; x_wconf 81' lang='lat' dir='ltr'>cunr</span> <span class='ocrx_word' id='word_1_135' title='bbox 939 2240 981 2284; x_wconf 92' lang='lat' dir='ltr'>co</span> <span class='ocrx_word' id='word_1_136' title='bbox 1005 2228 1117 2297; x_wconf 90' lang='lat' dir='ltr'>erant,</span> <span class='ocrx_word' id='word_1_137' title='bbox 1134 2223 1338 2286; x_wconf 86' lang='lat' dir='ltr'>sermocina-</span> 
     </span>
     <span class='ocr_line' id='line_1_19' title="bbox 289 2319 1339 2404; baseline -0.001 -19"><span class='ocrx_word' id='word_1_138' title='bbox 289 2322 400 2385; x_wconf 88' lang='lat' dir='ltr'>tiones</span> <span class='ocrx_word' id='word_1_139' title='bbox 416 2321 479 2384; x_wconf 89' lang='lat' dir='ltr'>has</span> <span class='ocrx_word' id='word_1_140' title='bbox 496 2319 795 2402; x_wconf 85' lang='lat' dir='ltr'>parvipendentes,</span> <span class='ocrx_word' id='word_1_141' title='bbox 816 2320 1019 2401; x_wconf 83' lang='lat' dir='ltr'>praedictum</span> <span class='ocrx_word' id='word_1_142' title='bbox 1040 2319 1238 2386; x_wconf 87' lang='lat' dir='ltr'>Hubertum</span> <span class='ocrx_word' id='word_1_143' title='bbox 1259 2340 1339 2404; x_wconf 86' lang='lat' dir='ltr'>rap-</span> 
     </span>
     <span class='ocr_line' id='line_1_20' title="bbox 289 2419 754 2484; baseline -0.006 -1"><span class='ocrx_word' id='word_1_144' title='bbox 289 2427 403 2484; x_wconf 87' lang='lat' dir='ltr'>tantes</span> <span class='ocrx_word' id='word_1_145' title='bbox 418 2421 501 2484; x_wconf 92' lang='lat' dir='ltr'>loris</span> <span class='ocrx_word' id='word_1_146' title='bbox 519 2419 754 2483; x_wconf 86' lang='lat' dir='ltr'>constrictum.</span> 
     </span>
     <span class='ocr_line' id='line_1_21' title="bbox 248 2544 384 2580; baseline 0 -1"><span class='ocrx_word' id='word_1_147' title='bbox 248 2545 303 2579; x_wconf 74' lang='lat' dir='ltr'>PAO.</span> <span class='ocrx_word' id='word_1_148' title='bbox 332 2544 384 2580; x_wconf 81' lang='lat' dir='ltr'>un.</span> 
     </span>
    </p>
   </div>
   <div class='ocr_carea' id='block_1_3' title="bbox 237 2602 1339 3133">
    <p class='ocr_par' dir='ltr' id='par_1_3' title="bbox 237 2602 1339 3133">
     <span class='ocr_line' id='line_1_22' title="bbox 239 2602 1338 2690; baseline -0.001 -22"><span class='ocrx_word' id='word_1_149' title='bbox 239 2608 314 2683; x_wconf 88' lang='grc'>251,</span> <span class='ocrx_word' id='word_1_150' title='bbox 333 2604 384 2683; x_wconf 87' lang='grc'>27,</span> <span class='ocrx_word' id='word_1_151' title='bbox 401 2605 551 2690; x_wconf 60' lang='lat' dir='ltr'>coaptat</span> <span class='ocrx_word' id='word_1_152' title='bbox 634 2602 726 2666; x_wconf 80' lang='lat' dir='ltr'>addit</span> <span class='ocrx_word' id='word_1_153' title='bbox 743 2602 871 2680; x_wconf 80' lang='lat' dir='ltr'>Paris,</span> <span class='ocrx_word' id='word_1_154' title='bbox 897 2623 1000 2685; x_wconf 90' lang='lat' dir='ltr'>super</span> <span class='ocrx_word' id='word_1_155' title='bbox 1024 2623 1162 2686; x_wconf 87' lang='lat' dir='ltr'>equum,</span> <span class='ocrx_word' id='word_1_156' title='bbox 1185 2606 1338 2687; x_wconf 89' lang='lat' dir='ltr'>inquam,</span> 
     </span>
     <span class='ocr_line' id='line_1_23' title="bbox 404 2702 1339 2785; baseline -0.001 -17"><span class='ocrx_word' id='word_1_157' title='bbox 404 2714 469 2768; x_wconf 76' lang='lat' dir='ltr'>trun</span> <span class='ocrx_word' id='word_1_158' title='bbox 658 2702 913 2784; x_wconf 87' lang='lat' dir='ltr'>despicabilem,</span> <span class='ocrx_word' id='word_1_159' title='bbox 945 2703 1088 2785; x_wconf 89' lang='lat' dir='ltr'>pedibus</span> <span class='ocrx_word' id='word_1_160' title='bbox 1120 2705 1185 2769; x_wconf 88' lang='lat' dir='ltr'>sub</span> <span class='ocrx_word' id='word_1_161' title='bbox 1218 2711 1339 2768; x_wconf 87' lang='lat' dir='ltr'>ventre</span> 
     </span>
     <span class='ocr_line' id='line_1_24' title="bbox 659 2803 894 2884; baseline 0 -20"><span class='ocrx_word' id='word_1_162' title='bbox 659 2803 738 2884; x_wconf 91' lang='lat' dir='ltr'>equi</span> <span class='ocrx_word' id='word_1_163' title='bbox 757 2803 894 2866; x_wconf 86' lang='lat' dir='ltr'>vinctis.</span> 
     </span>
     <span class='ocr_line' id='line_1_25' title="bbox 237 2924 763 3007; baseline -0.013 -16"><span class='ocrx_word' id='word_1_164' title='bbox 237 2966 288 2974; x_wconf 88' lang='lat'>-</span> <span class='ocrx_word' id='word_1_165' title='bbox 333 2931 384 3007; x_wconf 90' lang='grc'>29,</span> <span class='ocrx_word' id='word_1_166' title='bbox 401 2937 534 2992; x_wconf 74' lang='lat' dir='ltr'>uratum</span> <span class='ocrx_word' id='word_1_167' title='bbox 635 2924 763 2987; x_wconf 87' lang='lat' dir='ltr'>statim.</span> 
     </span>
     <span class='ocr_line' id='line_1_26' title="bbox 240 3015 1022 3133; baseline 0 -20"><span class='ocrx_word' id='word_1_168' title='bbox 240 3015 313 3126; x_wconf 87' lang='grc'>252,</span> <span class='ocrx_word' id='word_1_169' title='bbox 353 3053 382 3126; x_wconf 76' lang='lat'>4,</span> <span class='ocrx_word' id='word_1_170' title='bbox 400 3050 507 3133; x_wconf 66' lang='lat' dir='ltr'>ajorum</span> <span class='ocrx_word' id='word_1_171' title='bbox 637 3051 767 3132; x_wconf 89' lang='lat' dir='ltr'>ejectus</span> <span class='ocrx_word' id='word_1_172' title='bbox 783 3057 818 3113; x_wconf 92' lang='lat' dir='ltr'>et</span> <span class='ocrx_word' id='word_1_173' title='bbox 834 3056 1022 3113; x_wconf 87' lang='lat' dir='ltr'>extractus.</span> 
     </span>
    </p>
   </div>
   <div class='ocr_carea' id='block_1_4' title="bbox 238 3173 1110 3250">
    <p class='ocr_par' dir='ltr' id='par_1_4' title="bbox 238 3173 1110 3250">
     <span class='ocr_line' id='line_1_27' title="bbox 238 3173 1110 3250; baseline 0.001 -14"><span class='ocrx_word' id='word_1_174' title='bbox 238 3211 288 3219; x_wconf 84' lang='lat'>——</span> <span class='ocrx_word' id='word_1_175' title='bbox 333 3176 384 3250; x_wconf 90' lang='grc'>23,</span> <span class='ocrx_word' id='word_1_176' title='bbox 400 3173 534 3236; x_wconf 81' lang='lat' dir='ltr'>Domino</span> <span class='ocrx_word' id='word_1_177' title='bbox 638 3173 714 3236; x_wconf 90' lang='lat' dir='ltr'>Deo</span> <span class='ocrx_word' id='word_1_178' title='bbox 732 3180 941 3236; x_wconf 88' lang='lat' dir='ltr'>secretorum</span> <span class='ocrx_word' id='word_1_179' title='bbox 960 3174 1110 3237; x_wconf 86' lang='lat' dir='ltr'>conscio.</span> 
     </span>
    </p>
   </div>
   <div class='ocr_carea' id='block_1_5' title="bbox 240 3295 1339 3557">
    <p class='ocr_par' dir='ltr' id='par_1_5' title="bbox 240 3295 1339 3557">
     <span class='ocr_line' id='line_1_28' title="bbox 240 3295 1338 3380; baseline 0.004 -22"><span class='ocrx_word' id='word_1_180' title='bbox 240 3337 290 3348; x_wconf 87' lang='lat'><strong>—</strong></span> <span class='ocrx_word' id='word_1_181' title='bbox 334 3295 387 3372; x_wconf 87' lang='grc'>27,</span> <span class='ocrx_word' id='word_1_182' title='bbox 403 3295 532 3360; x_wconf 65' lang='lat' dir='ltr'>sulcum</span> <span class='ocrx_word' id='word_1_183' title='bbox 637 3296 728 3360; x_wconf 79' lang='lat' dir='ltr'>addit</span> <span class='ocrx_word' id='word_1_184' title='bbox 752 3296 877 3372; x_wconf 82' lang='lat' dir='ltr'>Paris,</span> <span class='ocrx_word' id='word_1_185' title='bbox 901 3297 991 3360; x_wconf 87' lang='lat' dir='ltr'>etin</span> <span class='ocrx_word' id='word_1_186' title='bbox 1013 3296 1179 3379; x_wconf 72' lang='lat' dir='ltr'>predicta</span> <span class='ocrx_word' id='word_1_187' title='bbox 1205 3299 1338 3380; x_wconf 87' lang='lat' dir='ltr'>capella</span> 
     </span>
     <span class='ocr_line' id='line_1_29' title="bbox 659 3395 1339 3476; baseline 0.001 -18"><span class='ocrx_word' id='word_1_188' title='bbox 659 3395 713 3458; x_wconf 90' lang='lat' dir='ltr'>die</span> <span class='ocrx_word' id='word_1_189' title='bbox 740 3414 781 3458; x_wconf 87' lang='lat' dir='ltr'>ac</span> <span class='ocrx_word' id='word_1_190' title='bbox 807 3402 907 3458; x_wconf 90' lang='lat' dir='ltr'>nocte</span> <span class='ocrx_word' id='word_1_191' title='bbox 937 3396 1094 3476; x_wconf 85' lang='lat' dir='ltr'>precibus</span> <span class='ocrx_word' id='word_1_192' title='bbox 1118 3396 1339 3460; x_wconf 88' lang='lat' dir='ltr'>incumbebat</span> 
     </span>
     <span class='ocr_line' id='line_1_30' title="bbox 659 3494 860 3557; baseline -0.005 -1"><span class='ocrx_word' id='word_1_193' title='bbox 659 3494 860 3557; x_wconf 88' lang='lat' dir='ltr'>indefessus.</span> 
     </span>
    </p>
   </div>
   <div class='ocr_carea' id='block_1_6' title="bbox 240 3614 1341 4288">
    <p class='ocr_par' dir='ltr' id='par_1_6' title="bbox 240 3614 1341 3895">
     <span class='ocr_line' id='line_1_31' title="bbox 240 3614 1340 3700; baseline 0.003 -21"><span class='ocrx_word' id='word_1_194' title='bbox 240 3620 314 3693; x_wconf 87' lang='grc'>253,</span> <span class='ocrx_word' id='word_1_195' title='bbox 332 3619 384 3692; x_wconf 87' lang='grc'>15,</span> <span class='ocrx_word' id='word_1_196' title='bbox 399 3614 556 3700; x_wconf 81' lang='lat' dir='ltr'>adjurabit</span> <span class='ocrx_word' id='word_1_197' title='bbox 637 3615 729 3679; x_wconf 79' lang='lat' dir='ltr'>addit</span> <span class='ocrx_word' id='word_1_198' title='bbox 745 3615 872 3693; x_wconf 78' lang='lat' dir='ltr'>Paris,</span> <span class='ocrx_word' id='word_1_199' title='bbox 891 3616 1019 3680; x_wconf 90' lang='lat' dir='ltr'>Eodem</span> <span class='ocrx_word' id='word_1_200' title='bbox 1038 3623 1190 3698; x_wconf 89' lang='lat' dir='ltr'>tempore</span> <span class='ocrx_word' id='word_1_201' title='bbox 1206 3616 1340 3682; x_wconf 87' lang='lat' dir='ltr'>Runul-</span> 
     </span>
     <span class='ocr_line' id='line_1_32' title="bbox 242 3704 1338 3797; baseline 0.006 -23"><span class='ocrx_word' id='word_1_202' title='bbox 242 3704 244 3707; x_wconf 64' lang='grc'><strong>’</strong></span> <span class='ocrx_word' id='word_1_203' title='bbox 659 3715 760 3797; x_wconf 78' lang='lat' dir='ltr'>pbnS,</span> <span class='ocrx_word' id='word_1_204' title='bbox 782 3734 897 3778; x_wconf 92' lang='lat' dir='ltr'>comes</span> <span class='ocrx_word' id='word_1_205' title='bbox 917 3713 1061 3780; x_wconf 86' lang='lat' dir='ltr'>Cestriae</span> <span class='ocrx_word' id='word_1_206' title='bbox 1085 3724 1121 3779; x_wconf 96' lang='lat' dir='ltr'>et</span> <span class='ocrx_word' id='word_1_207' title='bbox 1139 3715 1338 3793; x_wconf 88' lang='lat' dir='ltr'>Lincolniec,</span> 
     </span>
     <span class='ocr_line' id='line_1_33' title="bbox 661 3813 1341 3895; baseline 0 -18"><span class='ocrx_word' id='word_1_208' title='bbox 661 3814 752 3895; x_wconf 93' lang='lat' dir='ltr'>apud</span> <span class='ocrx_word' id='word_1_209' title='bbox 769 3813 1006 3894; x_wconf 81' lang='lat' dir='ltr'>walingeford</span> <span class='ocrx_word' id='word_1_210' title='bbox 1027 3814 1116 3876; x_wconf 89' lang='lat' dir='ltr'>diem</span> <span class='ocrx_word' id='word_1_211' title='bbox 1138 3814 1263 3878; x_wconf 91' lang='lat' dir='ltr'>clausit</span> <span class='ocrx_word' id='word_1_212' title='bbox 1279 3834 1341 3877; x_wconf 89' lang='lat' dir='ltr'>ex-</span> 
     </span>
    </p>

    <p class='ocr_par' dir='ltr' id='par_1_7' title="bbox 660 3911 1339 3993">
     <span class='ocr_line' id='line_1_34' title="bbox 660 3911 1339 3993; baseline 0.003 -19"><span class='ocrx_word' id='word_1_213' title='bbox 660 3919 819 3987; x_wconf 86' lang='lat' dir='ltr'>tremum,</span> <span class='ocrx_word' id='word_1_214' title='bbox 845 3913 966 3993; x_wconf 91' lang='lat' dir='ltr'>quinto</span> <span class='ocrx_word' id='word_1_215' title='bbox 996 3911 1157 3975; x_wconf 88' lang='lat' dir='ltr'>calendas</span> <span class='ocrx_word' id='word_1_216' title='bbox 1185 3912 1339 3976; x_wconf 91' lang='lat' dir='ltr'>Novem·</span> 
     </span>
    </p>

    <p class='ocr_par' dir='ltr' id='par_1_8' title="bbox 659 4010 1337 4094">
     <span class='ocr_line' id='line_1_35' title="bbox 659 4010 1337 4094; baseline 0.004 -22"><span class='ocrx_word' id='word_1_217' title='bbox 659 4012 746 4089; x_wconf 83' lang='lat' dir='ltr'>bris3</span> <span class='ocrx_word' id='word_1_218' title='bbox 770 4010 869 4093; x_wconf 90' lang='lat' dir='ltr'>cujus</span> <span class='ocrx_word' id='word_1_219' title='bbox 881 4029 1005 4092; x_wconf 89' lang='lat' dir='ltr'>corpus</span> <span class='ocrx_word' id='word_1_220' title='bbox 1017 4011 1168 4073; x_wconf 89' lang='lat' dir='ltr'>delatum</span> <span class='ocrx_word' id='word_1_221' title='bbox 1181 4018 1234 4074; x_wconf 88' lang='lat' dir='ltr'>est</span> <span class='ocrx_word' id='word_1_222' title='bbox 1246 4013 1337 4094; x_wconf 91' lang='lat' dir='ltr'>apud</span> 
     </span>
    </p>

    <p class='ocr_par' dir='ltr' id='par_1_9' title="bbox 662 4108 1338 4192">
     <span class='ocr_line' id='line_1_36' title="bbox 662 4108 1338 4192; baseline 0.001 -20"><span class='ocrx_word' id='word_1_223' title='bbox 662 4108 830 4172; x_wconf 88' lang='lat' dir='ltr'>Cestriam</span> <span class='ocrx_word' id='word_1_224' title='bbox 844 4108 1093 4184; x_wconf 88' lang='lat' dir='ltr'>tumulandum,</span> <span class='ocrx_word' id='word_1_225' title='bbox 1105 4111 1238 4174; x_wconf 84' lang='lat' dir='ltr'>viscera</span> <span class='ocrx_word' id='word_1_226' title='bbox 1247 4111 1338 4192; x_wconf 85' lang='lat' dir='ltr'>apud</span> 
     </span>
    </p>

    <p class='ocr_par' dir='ltr' id='par_1_10' title="bbox 588 4207 1338 4288">
     <span class='ocr_line' id='line_1_37' title="bbox 588 4207 1338 4288; baseline 0 -16"><span class='ocrx_word' id='word_1_227' title='bbox 588 4211 621 4228; x_wconf 59' lang='lat'>⁴*</span> <span class='ocrx_word' id='word_1_228' title='bbox 661 4207 1182 4288; x_wconf 85' lang='lat' dir='ltr'>Walingefordtnmulabantur.</span> <span class='ocrx_word' id='word_1_229' title='bbox 1219 4209 1338 4272; x_wconf 90' lang='lat' dir='ltr'>Decu-</span> 
     </span>
    </p>
   </div>
   <div class='ocr_carea' id='block_1_7' title="bbox 0 0 1590 4992">
    <p class='ocr_par' dir='ltr' id='par_1_11' title="bbox 0 0 1590 4992">
     <span class='ocr_line' id='line_1_38' title="bbox 0 0 1590 4992; baseline 0 0"><span class='ocrx_word' id='word_1_230' title='bbox 0 0 1590 4992; x_wconf 95' lang='lat' dir='ltr'> </span> 
     </span>
    </p>
   </div>
  </div>
 </body>
</html>
