3150 4992
595 493 794 541 nncmonns
821 495 954 542 venis.
1311 483 1334 548 3

226 676 413 742 multorum
444 675 609 758 reliquias
637 695 675 740 se
707 675 855 741 fideliter
885 676 1124 759 ad'qnendam
1148 681 1330 746 terminum

226 778 489 859 completurum.
546 774 662 841 Tanto
695 777 802 857 igitur
832 777 957 860 majori
988 777 1117 843 honore
1147 789 1330 863 susceptus

225 883 291 953 est,
321 883 454 960 quanto
487 876 652 940 secretius
682 876 926 957 adventasset;
960 875 1098 942 fuerant
1127 880 1217 943 enim
1247 890 1329 946 ante

224 975 354 1040 inimici
383 977 427 1040 ad
459 977 618 1041 invicem.
670 976 813 1041 Juravit
838 977 979 1059 insuper
1007 997 1046 1041 se
1073 987 1153 1060 post
1181 988 1326 1046 mortem

224 1076 316 1157 regis
334 1077 509 1154 Edwardi,
533 1076 593 1158 qui
610 1075 686 1159 jam
711 1077 826 1141 senuit
843 1077 918 1141 sine
940 1077 1069 1154 liberis,
1092 1098 1236 1160 regnum
1252 1078 1327 1145 An-

223 1175 303 1257 gliae
324 1176 417 1254 duci,
434 1177 495 1260 qui
514 1177 551 1239 in
575 1195 719 1258 regnum
738 1176 799 1260 jus
819 1176 951 1253 habuit,
976 1177 1124 1241 fideliter
1144 1199 1327 1244 conserva-

222 1281 348 1340 turum.
402 1276 660 1342 Consummatis
677 1276 784 1357 igitur
810 1276 942 1358 aliquot
958 1276 1079 1341 diebus
1095 1297 1173 1340 cum
1189 1299 1325 1344 summa

221 1374 356 1452 laetitia,
385 1377 510 1459 amplis
539 1376 739 1439 muneribus
762 1375 894 1439 ditatus
914 1377 951 1439 in
978 1375 1141 1458 Angliam
1164 1398 1324 1444 reversus

222 1484 274 1539 est
289 1475 483 1556 Haraldns3
507 1474 567 1539 sed
591 1495 667 1538 cum
691 1476 727 1538 in
751 1482 828 1539 tuto
850 1477 1119 1540 constitueretur
1133 1477 1323 1562 jactitabat

222 1589 259 1638 se
285 1574 429 1658 laqueos
460 1576 612 1640 evasisse
637 1574 792 1652 hostiles,
819 1574 961 1658 perjurii
986 1576 1114 1640 crimen
1144 1578 1323 1659 elegendo.

220 1673 437 1740 Adveniente
453 1676 562 1758 igitur
578 1675 736 1752 termino,
754 1694 824 1756 quo
837 1683 963 1739 cuncta
978 1677 1142 1758 compleri
1159 1677 1323 1744 deberent

220 1775 401 1858 promissa,
425 1783 461 1839 et
484 1775 559 1859 jam
583 1775 714 1857 elapso,
739 1773 940 1838 nihilfecit.
994 1775 1094 1840 Misit
1114 1776 1221 1858 igitur
1247 1779 1320 1842 dux

220 1875 264 1939 ad
282 1894 359 1938 eum
382 1875 521 1939 nuntios
541 1875 713 1951 solennes,
738 1893 880 1938 causam
903 1893 1082 1955 quaerens3
1109 1876 1169 1940 sed
1189 1876 1320 1941 Haral·

218 1974 284 2038 dns
299 1974 449 2038 mendax
470 1980 505 2038 et
523 1975 703 2056 superbus,
718 1975 836 2037 omnia
849 1974 1038 2056 praelocnta
1054 1977 1245 2056 procaciter
1258 1977 1324 2041 de·.

219 2074 391 2156 negando,
409 2075 549 2138 nuntios
572 2074 720 2156 turpiter
738 2074 930 2149 lacessitos,
946 2073 1114 2157 jumentis
1137 2076 1318 2154 mutilatis,

217 2175 358 2238 remisit.
411 2175 494 2238 Dux
521 2174 629 2254 igitur
653 2173 775 2238 merito
804 2181 1025 2255 provocatus,
1060 2193 1176 2256 regem
1210 2175 1320 2240 Fran-

218 2291 348 2350 corum,
374 2280 410 2337 et
435 2292 554 2338 omnes
578 2273 721 2349 vicinos,
746 2280 920 2354 parentes,
947 2278 982 2335 et
1006 2272 1136 2337 amicos
1163 2293 1245 2338 suos
1272 2274 1316 2339 ad
1441 2265 1449 2272 ’

219 2373 385 2437 ultionem
414 2380 522 2437 tantae
549 2371 687 2456 injuriae
713 2371 901 2450 excitavit3
933 2370 993 2434 sed
1016 2370 1089 2435 dux
1106 2372 1316 2452 Willelmus,

216 2473 368 2537 Domino
385 2472 551 2536 ultionem
569 2472 729 2556 juvante,
746 2470 924 2554 Anglinm,
947 2471 1023 2553 ipso
1042 2471 1203 2550 contrito,
1225 2472 1316 2538 sicut

216 2574 430 2655 subsequens
447 2578 566 2636 narrat
582 2571 738 2648 historia,
756 2571 823 2635 sibi
835 2570 1053 2653 conquisivit.

266 2670 370 2736 Anno
400 2673 523 2754 gratiae
553 2671 734 2735 millesimo
769 2670 988 2750 sexagesimo
1016 2676 1118 2734 sexto
1150 2670 1316 2754 pacificus

213 2790 278 2835 rex
306 2771 511 2849 Edwardus,
530 2767 725 2852 Anglorum
746 2769 875 2847 decus,·
892 2769 984 2850 regis
1009 2769 1186 2834 Ethelredi
1211 2770 1314 2849 filius,

214 2878 399 2956 postquam
431 2869 556 2952 viginti
586 2877 737 2952 quatuor
770 2869 871 2933 annis
901 2876 1092 2950 regnasset,
1126 2869 1163 2932 in
1194 2869 1316 2950 vigilie

215 2969 418 3054 Epiphaniae
447 2970 602 3047 Domini,
628 2968 715 3033 feria
744 2969 879 3051 quinta,
904 2986 967 3051 pro
998 2987 1106 3050 regno
1134 2969 1317 3050 temporali

215 3071 440 3135 commutavit
468 3077 646 3134 eetemnm.
698 3067 894 3132 Defunctus
921 3072 1038 3130 autem
1070 3087 1133 3131 rex
1156 3069 1315 3132 beatissi-

214 3189 302 3246 mus,
319 3171 355 3233 in
377 3168 530 3234 crastino
549 3167 705 3251 sepultus
731 3175 785 3230 est
801 3166 963 3242 Londini,
981 3167 1018 3229 in
1038 3167 1195 3242 ecclesia,
1210 3184 1313 3248 qnam

214 3269 289 3351 ipse
305 3289 396 3334 novo
413 3267 671 3351 compositionis
688 3284 815 3348 genere
833 3271 1089 3341 construxerat,
1108 3283 1130 3327 a
1147 3283 1218 3346 qua
1234 3274 1316 3347 post

213 3368 314 3433 multi
330 3368 492 3434 ecclesias
508 3373 758 3442 construentes,
771 3364 967 3448 exemplum
980 3363 1110 3446 adepti,
1125 3382 1213 3446 opus
1226 3363 1314 3430 illud

214 3469 376 3553 expensis
393 3467 645 3531 aemulabantur
661 3465 885 3548 sumptuosis.
922 3461 967 3527 In
985 3463 1052 3527 hoc
1068 3463 1216 3546 denique
1233 3484 1315 3546 rege

214 3568 306 3632 linea
321 3586 439 3650 regum
456 3565 596 3648 Angliae
611 3565 748 3642 deiecit,
761 3582 840 3647 qnae
858 3583 880 3626 a
896 3561 1054 3627 Cerdicio
1072 3563 1183 3646 primo
1196 3564 1314 3628 West-

216 3687 386 3731 saxonum
404 3685 498 3746 rege,
520 3686 566 3730 ex
582 3664 717 3746 AngliS,
741 3661 940 3746 quingentis
956 3669 991 3725 et
1007 3662 1230 3744 septuaginta
1244 3682 1314 3726 uno

214 3766 314 3830 annis
333 3786 402 3830 non
425 3765 553 3847 legitur
570 3765 775 3846 interrupta,
794 3770 920 3845 praeter
941 3780 1070 3843 paucos
1090 3762 1222 3837 Dauos,
1240 3763 1312 3843 qui,

214 3865 365 3951 peccatis
380 3864 600 3947 exigentibus
619 3863 731 3945 gentis
748 3861 956 3944 Anglorum,
974 3861 1174 3942 aliquandiu
1192 3880 1313 3942 regna·

213 3973 349 4031 verunt.
389 3963 564 4029 Detirncto
581 3964 699 4045 itaque
718 3961 890 4026 Edwardo
905 3959 1098 4041 Anglornm
1116 3979 1198 4040 rege
1212 3978 1313 4024 sanc·

213 4065 358 4142 tissime,
378 4063 415 4126 in
435 4082 504 4145 qno
524 4062 616 4126 linea
643 4081 763 4144 regum
781 4059 921 4142 Angliae
938 4059 1074 4135 defecit,
1096 4057 1313 4123 fluctuabant

212 4182 371 4247 proceres
392 4163 490 4244 regni
514 4181 616 4244 quem
639 4162 674 4225 in
699 4179 814 4242 regem
840 4159 1055 4242 praeficerent
1076 4166 1111 4222 et
1132 4164 1312 4223 rectorem.

212 4263 364 4343 Quidam
393 4261 484 4326 enim
518 4261 707 4339 Willelmo,
741 4259 1021 4325 Normannorum
1052 4253 1144 4334 duci,
1172 4256 1312 4338 quidem

1125 4378 1139 4412 e
1157 4369 1173 4413 2
