3150 4992
602 461 802 510 anemonas
830 462 964 514 vamme

236 569 293 606 PAG·
312 570 363 605 un.

193 634 299 706 ·215;
338 631 517 709 13aidoir·
627 631 807 696 thesauros
824 652 906 697 suos
921 633 1056 697 viduis·
1108 673 1111 679 ,
1150 624 1153 629 ’
1260 654 1275 663 ·’

225 790 277 801 --
343 758 372 832 5,
387 754 544 819 Henricus
625 754 715 819 deca.

225 915 276 926 -
321 882 374 955 23,
389 877 538 943 subuertit
601 845 717 938 'adua
753 875 881 959 Paris,
914 878 965 941 ita
998 883 1037 942 ut
1063 877 1212 941 mundus
1238 880 1327 944 solvi

647 983 839 1056 putaretur.
1236 989 1239 997 ’
1292 987 1295 992 “

225 1096 300 1177 217,
341 1098 371 1177 7,
390 1103 577 1166 consecrauit
624 1099 717 1163 adda
743 1099 869 1177 Paris,
894 1101 1060 1181 vigesimo
1090 1103 1241 1165 secundo
1273 1103 1328 1166 die

647 1207 726 1280 post
743 1208 888 1264 mortem
905 1200 1067 1264 avunculi
1084 1201 1150 1263 sui.

224 1366 275 1376 -
319 1326 370 1401 16,
385 1322 446 1387 sibi
625 1322 742 1404 igitur.

226 1448 555 1526 218‚11‚0b30rwm
624 1438 717 1501 ‹1th
738 1438 862 1515 Paris,
882 1436 1012 1502 Eodem
1033 1457 1124 1502 anno
1148 1422 1327 1504 combusta
1414 1471 1416 1475 ·

648 1545 700 1601 cst
714 1538 860 1602 ecclesia
877 1538 988 1601 sancti
1004 1536 1107 1602 Pauli
1122 1536 1327 1611 Londonen-

647 1638 696 1699 sis
713 1638 757 1700 ab
768 1638 849 1719 igne
862 1638 920 1719 qui
937 1654 1103 1701 accensus
1119 1636 1225 1700 estad
1242 1658 1325 1719 pou·
1366 1645 1369 1649 '
1412 1708 1416 1712 ,

572 1742 575 1747 ’
647 1743 715 1799 tem
719 1737 796 1819 ,-qui
808 1724 1082 1819 perrexitusque'
1090 1736 1133 1799 ad
1146 1736 1325 1800 ecclesiam

648 1836 839 1899 Danorum.
881 1834 948 1898 Die
966 1854 1035 1916 quo
1052 1835 1219 1916 applicuit
1234 1835 1325 1899 idem

647 1934 855 2016 Stephanus,
871 1940 992 1999 contra
1005 1942 1164 1997 naturam
1180 1934 1324 2017 hyemis,

646 2033 851 2098 horrendum
880 2034 1032 2099 intonuit
1061 2052 1165 2116 super
1190 2053 1325 2097 emnem

645 2140 774 2196 terram
792 2133 993 2225 tonitruum,
1009 2151 1087 2195 cum
1098 2132 1236 2213 fulgure
1248 2132 1324 2197 hor-

598 2220 600 2223 ’
646 2232 749 2308 ribili,
775 2233 826 2295 ita
850 2240 891 2295 ut
913 2230 1061 2293 mundus
1082 2231 1118 2292 in
1144 2232 1325 2312 antiquum
1355 2238 1358 2244 '

647 2331 753 2394 chaos
767 2329 876 2412 redigi
893 2329 1078 2417 videretun
1129 2328 1325 2411 Stephanus

646 2417 786 2511 quoqne
807 2449 882 2505 rex,
905 2430 1132 2510 praesentibus
1160 2429 1325 2512 archiepi-

646 2548 752 2609 scopo
764 2548 841 2592 cum
855 2527 988 2591 duobus
1000 2526 1182 2609 episcopis,
1194 2529 1325 2593 scilicet

646 2627 880 2691 Wintoniensi
897 2633 932 2690 et
944 2626 1199 2702 Sarisberiensi,
1213 2633 1324 2691 totum

647 2726 860 2802 thesaurum,
892 2745 992 2807 quem
1021 2726 1213 2789 avunculus
1240 2746 1324 2789 suus

647 2830 881 2905 congesserat,
898 2826 1093 2906 occupavit,
1104 2824 1324 2901 scilicetcen-

647 2932 719 2987 tum
734 2925 854 3000 libras,
871 2924 1028 3005 exceptis
1046 2924 1140 2986 vasis
1159 2924 1273 2987 aureis
1289 2932 1324 2988 et

647 3024 833 3105 argenteis
852 3029 887 3086 et
904 3022 1060 3110 gemmis.
1257 3104 1262 3115 ι

685 3108 788 3186 Anno
818 3120 958 3185 Domini
985 3108 1171 3184 mcxxxvi.
1200 3141 1324 3205 corpus

588 3219 591 3225 ’
647 3222 738 3302 regis
756 3221 902 3283 Hem-ici
919 3220 1096 3283 mausoleo
1114 3220 1223 3307 regali
1241 3240 1323 3284 con-

646 3318 755 3383 ditum
769 3319 959 3402 reponitur,
970 3325 1140 3400 praesente
1155 3338 1236 3400 rege
1249 3318 1323 3383 Ste-

646 3418 771 3502 phane.
826 3417 1039 3501 [Willelmus
1063 3417 1322 3482 cantuariensis

646 3516 952 3600 archiepiscopus]
965 3516 1137 3581 Henricus
1146 3517 1322 3581 Wintoni·

647 3618 739 3681 ensis
775 3618 971 3699 episcopus,
1004 3616 1148 3680 abstulit
1183 3636 1321 3680 manum

645 3716 756 3781 sancti
777 3716 800 3779 J
803 3716 902 3780 acobi
924 3714 966 3778 de
989 3714 1138 3797 Reding.
1192 3715 1323 3779 Eodem

645 3834 749 3891 anno,
761 3822 841 3897 post
850 3814 992 3896 pascha,
1002 3833 1116 3878 comes
1126 3812 1323 3879 Gleverniae

641 3912 819 3978 Robertus
834 3914 970 3977 nomine
986 3914 1081 3977 venit
1096 3914 1132 3976 in
1144 3911 1321 3995 Angliam,

644 4013 746 4095 cujus
762 4012 980 4095 prudentiam
994 4019 1028 4076 et
1046 4012 1235 4095 potentiam
1260 4032 1323 4076 rex

645 4110 843 4194 Stephanus
873 4113 1075 4189 verebatur3
1113 4118 1193 4193 post
1223 4112 1322 4196 cujus

645 4209 830 4276 adventum
851 4210 1003 4293 episcopi
1015 4210 1222 4293 juraverunt
1242 4209 1322 4273 fide-

1155 4326 1173 4369 n
