3150 4992
587 469 790 517 nncrmnns
814 459 956 521 varin..
1253 457 1318 523 253

263 655 392 731 teralis,
414 651 595 729 monacho,
615 652 644 715 si
664 651 876 734 inpartibus
901 653 973 716 suis
994 655 1174 736 conceptio
1199 655 1312 718 beatae

263 753 387 817 Mariae
409 753 651 828 celebraretur,
672 751 860 833 respondit,
881 750 1104 816 ‘celebratur
1127 753 1260 835 utique,
1278 764 1315 817 et

263 852 336 917 haec
351 858 404 916 est
419 853 529 930 ratio;
553 850 647 934 quia,
662 849 786 930 angelo
808 851 989 915 nuntiante
1005 851 1028 914 J
1031 851 1163 914 oachim
1183 851 1313 916 dolenti

263 959 299 1015 et
313 951 522 1016 inhabitanti
539 958 622 1015 tunc
636 949 822 1025 desertum,
839 950 916 1031 ipsa
933 951 1112 1032 conceptio
1138 949 1232 1014 lacta
1248 958 1311 1015 est.

263 1050 428 1115 Similiter
446 1056 482 1114 ot
496 1049 675 1131 conceptio
701 1049 794 1112 beati
814 1048 838 1112 J
840 1048 985 1112 ohannis
1006 1037 1188 1131 Baptistae,
1211 1050 1315 1114 simili

261 1150 406 1213 ratione.
427 1150 481 1214 De
501 1148 725 1230 conceptione
746 1154 862 1211 autem
885 1148 1038 1224 Domini,
1052 1167 1131 1231 quae
1149 1148 1242 1213 facta
1260 1157 1313 1214 est

262 1249 387 1330 angelo
410 1247 638 1311 annuntiante
658 1246 796 1322 Mariae,
820 1265 897 1330 quae
925 1249 1084 1329 concepit
1110 1267 1154 1310 ex
1182 1248 1313 1330 Spiritu

264 1347 404 1422 Sancto,
422 1347 507 1409 nulli
525 1346 676 1409 fidelium
693 1347 787 1410 venit
804 1346 839 1407 in
852 1345 1017 1410 dubium.'
1063 1346 1132 1410 Hae
1149 1353 1218 1410 tres
1233 1367 1315 1411 con-

265 1447 440 1528 ceptiones
458 1446 492 1508 in
512 1445 669 1527 partibus
685 1443 872 1520 Armeniae,
893 1452 934 1508 ut
952 1447 1098 1510 asseruit
1119 1453 1154 1510 et
1173 1447 1316 1528 praedic·

267 1546 311 1609 tis
332 1545 523 1609 rationibus
540 1543 770 1622 confirmavit,
793 1543 1020 1608 celebrantur.
1072 1543 1316 1628 Interrogatus

265 1644 432 1708 similiter.

220 1792 279 1829 Pae.
304 1791 357 1828 tiit.

216 1868 290 1948 176,
309 1872 361 1945 35,
369 1889 432 1952 pro
446 1869 549 1932 areli·
612 1868 903 1950 archiepiscopus,
915 1887 1072 1933 asserens
1093 1889 1165 1932 rem
1179 1878 1312 1952 gestam

376 1969 564 2052 episcopo...
634 1968 809 2044 seriatim3
836 1976 871 2030 et
903 1976 1026 2050 postea
1051 1968 1149 2031 miles
1175 1970 1315 2053 quidam

378 2068 529 2150 interpres
635 2064 873 2130 Antiochenus
908 2066 950 2130 de
982 2066 1113 2129 familia
1140 2067 1236 2152 cjuS,
1254 2069 1314 2150 qui

377 2165 466 2229 illias
480 2174 549 2230 crat
634 2165 805 2247 interpres
838 2164 931 2229 illius
962 2173 1047 2240 erat,
1076 2172 1178 2229 notus
1210 2167 1337 2232 etiam-

634 2263 770 2327 cuidam
779 2263 909 2328 famulo
920 2264 1049 2329 domini
1060 2264 1315 2341 abbatis,Hen-

634 2364 705 2426 rico
726 2362 921 2446 Spigurnel,
943 2383 1120 2446 exponens
1140 2384 1314 2430 sermones

633 2461 739 2525 illius,

215 2581 288 2663 177,
306 2587 357 2660 22,
376 2585 472 2669 impie
612 2584 927 2666 contemptibiliter.

213 2750 263 2760 -
308 2710 360 2784 25,
378 2707 500 2770 redeam
613 2708 749 2771 veniam
760 2708 784 2787 ;'
816 2727 857 2771 ac
882 2709 912 2771 si
930 2707 1039 2791 juxta·
1065 2709 1313 2790 evangelistam

634 2805 817 2883 diceretur,
844 2807 978 2870 ‘Filius
1000 2806 1138 2890 quidem
1167 2807 1314 2873 hominis

633 2905 742 2983 vadit,
763 2906 856 2968 sicut
877 2906 1043 2987 scriptum
1061 2912 1115 2970 est
1131 2907 1174 2970 de
1188 2927 1249 2986 e0;
1274 2915 1313 2972 tu

635 3010 750 3067 autem
774 3003 964 3067 secundum
988 3002 1175 3068 adveutum
1200 3025 1312 3070 meum

634 3101 877 3184 exspectabis!

613 3230 753 3287 aetatem
772 3222 988 3288 redeuntium
1011 3242 1190 3297 annorum,
1210 3225 1314 3287 corri-

635 3322 729 3404 pitur
746 3322 847 3404 quasi
864 3322 1046 3385 incurabili
1063 3322 1263 3386 infirmitate
1278 3330 1313 3387 et

635 3421 770 3503 rapitur
799 3421 898 3503 quasi
926 3421 962 3483 in
988 3421 1148 3498 extasim,
1172 3429 1207 3484 et
1230 3441 1312 3486 con·

635 3520 812 3585 valescens
830 3519 917 3583 redit
933 3519 1118 3585 redivivus.

214 3691 264 3704 -
308 3651 363 3724 31,
382 3649 522 3715 ebriatur
613 3642 796 3737 Dominus,
815 3650 853 3706 ut
872 3662 950 3706 vere
970 3643 1080 3725 possit
1101 3642 1215 3707 dicere
1235 3663 1313 3707 cum

636 3740 836 3819 Psalmista,
860 3741 1087 3806 ‘Renovatur
1117 3750 1157 3806 ut
1188 3743 1314 3824 aquilae

629 3840 797 3924 juventus
813 3841 913 3904 mea.'

215 3964 537 4042 178‚10,ccrbormn
612 3963 704 4028 addit
726 3963 853 4041 Paris,
873 3973 908 4028 et
927 3973 1012 4026 nota
1041 3963 1314 4046 reprehensionis

635 4063 690 4127 vel
708 4063 972 4145 redargutionis.

214 4230 264 4240 -
310 4191 361 4264 13,
384 4187 501 4252 obruti
616 4184 757 4262 Christi,
773 4187 808 4249 in
826 4186 906 4264 igne
923 4184 1075 4248 seculum
1087 4184 1289 4268 judicaturi.
