<?xml version="1.0" encoding="UTF-8"?>
<!DOCTYPE html PUBLIC "-//W3C//DTD XHTML 1.0 Transitional//EN"
    "http://www.w3.org/TR/xhtml1/DTD/xhtml1-transitional.dtd">
<html xmlns="http://www.w3.org/1999/xhtml" xml:lang="en" lang="en">
 <head>
  <title>
</title>
<meta http-equiv="Content-Type" content="text/html;charset=utf-8" />
  <meta name='ocr-system' content='tesseract 3.04.00' />
  <meta name='ocr-capabilities' content='ocr_page ocr_carea ocr_par ocr_line ocrx_word'/>
</head>
<body>
  <div class='ocr_page' id='page_1' title='image "appendixadroger00parigoog_0326.png"; bbox 0 0 3150 4992; ppageno 0'>
   <div class='ocr_carea' id='block_1_1' title="bbox 594 467 1324 535">
    <p class='ocr_par' dir='ltr' id='par_1_1' title="bbox 594 467 1324 535">
     <span class='ocr_line' id='line_1_1' title="bbox 594 467 1324 535; baseline -0.001 -4"><span class='ocrx_word' id='word_1_1' title='bbox 594 484 796 533; x_wconf 79' lang='lat' dir='ltr'>uucmouus</span> <span class='ocrx_word' id='word_1_2' title='bbox 820 485 952 535; x_wconf 71' lang='lat' dir='ltr'>viarm.</span> <span class='ocrx_word' id='word_1_3' title='bbox 1257 467 1324 532; x_wconf 82' lang='lat'>305</span> 
     </span>
    </p>
   </div>
   <div class='ocr_carea' id='block_1_2' title="bbox 268 663 1322 1343">
    <p class='ocr_par' dir='ltr' id='par_1_2' title="bbox 268 663 1322 1343">
     <span class='ocr_line' id='line_1_2' title="bbox 268 663 1322 746; baseline 0 -18"><span class='ocrx_word' id='word_1_4' title='bbox 268 665 353 729; x_wconf 90' lang='lat' dir='ltr'>bant</span> <span class='ocrx_word' id='word_1_5' title='bbox 373 663 607 741; x_wconf 86' lang='lat' dir='ltr'>comburendi,</span> <span class='ocrx_word' id='word_1_6' title='bbox 632 671 755 746; x_wconf 88' lang='lat' dir='ltr'>utpote</span> <span class='ocrx_word' id='word_1_7' title='bbox 775 664 1009 728; x_wconf 86' lang='lat' dir='ltr'>Swaneburne</span> <span class='ocrx_word' id='word_1_8' title='bbox 1033 665 1222 728; x_wconf 88' lang='lat' dir='ltr'>manerium</span> <span class='ocrx_word' id='word_1_9' title='bbox 1248 664 1322 729; x_wconf 89' lang='lat' dir='ltr'>Ro-</span> 
     </span>
     <span class='ocr_line' id='line_1_3' title="bbox 268 763 1321 846; baseline 0.001 -20"><span class='ocrx_word' id='word_1_10' title='bbox 268 765 358 828; x_wconf 89' lang='lat' dir='ltr'>berti</span> <span class='ocrx_word' id='word_1_11' title='bbox 380 763 578 839; x_wconf 90' lang='lat' dir='ltr'>Passeleve,</span> <span class='ocrx_word' id='word_1_12' title='bbox 601 770 637 826; x_wconf 90' lang='lat' dir='ltr'>et</span> <span class='ocrx_word' id='word_1_13' title='bbox 659 763 859 840; x_wconf 87' lang='lat' dir='ltr'>Yvinkeho,</span> <span class='ocrx_word' id='word_1_14' title='bbox 888 764 1042 846; x_wconf 84' lang='lat' dir='ltr'>episcopi</span> <span class='ocrx_word' id='word_1_15' title='bbox 1057 763 1321 842; x_wconf 87' lang='lat' dir='ltr'>Wintoniensis,</span> 
     </span>
     <span class='ocr_line' id='line_1_4' title="bbox 268 863 1320 946; baseline 0.001 -20"><span class='ocrx_word' id='word_1_16' title='bbox 268 882 346 926; x_wconf 85' lang='lat' dir='ltr'>curn</span> <span class='ocrx_word' id='word_1_17' title='bbox 377 863 534 946; x_wconf 83' lang='lat' dir='ltr'><strong>frugibus</strong></span> <span class='ocrx_word' id='word_1_18' title='bbox 560 869 596 925; x_wconf 91' lang='lat' dir='ltr'>et</span> <span class='ocrx_word' id='word_1_19' title='bbox 622 863 849 941; x_wconf 84' lang='lat' dir='ltr'>animalibus3</span> <span class='ocrx_word' id='word_1_20' title='bbox 881 871 917 926; x_wconf 89' lang='lat' dir='ltr'>et</span> <span class='ocrx_word' id='word_1_21' title='bbox 944 863 1076 926; x_wconf 89' lang='lat' dir='ltr'>insidiis</span> <span class='ocrx_word' id='word_1_22' title='bbox 1105 870 1320 945; x_wconf 87' lang='lat' dir='ltr'>praeventum</span> 
     </span>
     <span class='ocr_line' id='line_1_5' title="bbox 268 961 1321 1038; baseline 0.001 -12"><span class='ocrx_word' id='word_1_23' title='bbox 268 961 483 1026; x_wconf 89' lang='lat' dir='ltr'>Willelmnm</span> <span class='ocrx_word' id='word_1_24' title='bbox 513 961 555 1026; x_wconf 90' lang='lat' dir='ltr'>de</span> <span class='ocrx_word' id='word_1_25' title='bbox 587 961 771 1025; x_wconf 88' lang='lat' dir='ltr'>Holewere</span> <span class='ocrx_word' id='word_1_26' title='bbox 802 961 958 1038; x_wconf 89' lang='lat' dir='ltr'>militem,</span> <span class='ocrx_word' id='word_1_27' title='bbox 990 962 1202 1026; x_wconf 84' lang='lat' dir='ltr'>Hertfordiae</span> <span class='ocrx_word' id='word_1_28' title='bbox 1230 963 1321 1027; x_wconf 88' lang='lat' dir='ltr'>vice-</span> 
     </span>
     <span class='ocr_line' id='line_1_6' title="bbox 268 1059 1320 1143; baseline -0.001 -18"><span class='ocrx_word' id='word_1_29' title='bbox 268 1063 441 1140; x_wconf 86' lang='lat' dir='ltr'>comitem,</span> <span class='ocrx_word' id='word_1_30' title='bbox 462 1082 504 1126; x_wconf 92' lang='lat' dir='ltr'>eo</span> <span class='ocrx_word' id='word_1_31' title='bbox 521 1060 612 1143; x_wconf 91' lang='lat' dir='ltr'>quod</span> <span class='ocrx_word' id='word_1_32' title='bbox 636 1059 747 1123; x_wconf 90' lang='lat' dir='ltr'>affinis</span> <span class='ocrx_word' id='word_1_33' title='bbox 768 1068 861 1124; x_wconf 90' lang='lat' dir='ltr'>esset</span> <span class='ocrx_word' id='word_1_34' title='bbox 880 1062 972 1125; x_wconf 92' lang='lat' dir='ltr'>dicto</span> <span class='ocrx_word' id='word_1_35' title='bbox 993 1061 1149 1126; x_wconf 88' lang='lat' dir='ltr'>Roberto</span> <span class='ocrx_word' id='word_1_36' title='bbox 1172 1068 1208 1124; x_wconf 89' lang='lat' dir='ltr'>et</span> <span class='ocrx_word' id='word_1_37' title='bbox 1224 1080 1320 1124; x_wconf 91' lang='lat' dir='ltr'>soro·</span> 
     </span>
     <span class='ocr_line' id='line_1_7' title="bbox 268 1159 1321 1244; baseline 0.001 -21"><span class='ocrx_word' id='word_1_38' title='bbox 268 1180 339 1223; x_wconf 91' lang='lat' dir='ltr'>rem</span> <span class='ocrx_word' id='word_1_39' title='bbox 361 1160 643 1244; x_wconf 84' lang='lat' dir='ltr'>desponsaverat,</span> <span class='ocrx_word' id='word_1_40' title='bbox 666 1159 878 1224; x_wconf 87' lang='lat' dir='ltr'>truculenter</span> <span class='ocrx_word' id='word_1_41' title='bbox 899 1160 1119 1224; x_wconf 86' lang='lat' dir='ltr'>abduxerunt</span> <span class='ocrx_word' id='word_1_42' title='bbox 1143 1166 1178 1224; x_wconf 88' lang='lat' dir='ltr'>et</span> <span class='ocrx_word' id='word_1_43' title='bbox 1199 1159 1243 1222; x_wconf 86' lang='lat' dir='ltr'>ad</span> <span class='ocrx_word' id='word_1_44' title='bbox 1266 1180 1321 1224; x_wconf 91' lang='lat' dir='ltr'>re·</span> 
     </span>
     <span class='ocr_line' id='line_1_8' title="bbox 268 1259 1320 1343; baseline 0.001 -21"><span class='ocrx_word' id='word_1_45' title='bbox 268 1260 500 1341; x_wconf 85' lang='lat' dir='ltr'>demptionem</span> <span class='ocrx_word' id='word_1_46' title='bbox 530 1278 671 1341; x_wconf 79' lang='lat' dir='ltr'>gravem</span> <span class='ocrx_word' id='word_1_47' title='bbox 698 1259 959 1340; x_wconf 83' lang='lat' dir='ltr'>compulerunt3</span> <span class='ocrx_word' id='word_1_48' title='bbox 998 1268 1200 1343; x_wconf 87' lang='lat' dir='ltr'>septemque</span> <span class='ocrx_word' id='word_1_49' title='bbox 1226 1278 1320 1323; x_wconf 88' lang='lat' dir='ltr'>sum·</span> 
     </span>
    </p>
   </div>
   <div class='ocr_carea' id='block_1_3' title="bbox 266 1357 1321 1935">
    <p class='ocr_par' dir='ltr' id='par_1_3' title="bbox 266 1357 1321 1935">
     <span class='ocr_line' id='line_1_9' title="bbox 269 1357 1320 1440; baseline 0 -19"><span class='ocrx_word' id='word_1_50' title='bbox 269 1358 396 1422; x_wconf 90' lang='lat' dir='ltr'>marios</span> <span class='ocrx_word' id='word_1_51' title='bbox 432 1366 592 1422; x_wconf 89' lang='lat' dir='ltr'>oneratos</span> <span class='ocrx_word' id='word_1_52' title='bbox 630 1357 799 1438; x_wconf 85' lang='lat' dir='ltr'>Stephani</span> <span class='ocrx_word' id='word_1_53' title='bbox 835 1358 877 1421; x_wconf 91' lang='lat' dir='ltr'>de</span> <span class='ocrx_word' id='word_1_54' title='bbox 912 1358 1065 1439; x_wconf 86' lang='lat' dir='ltr'>Segrave</span> <span class='ocrx_word' id='word_1_55' title='bbox 1098 1365 1133 1422; x_wconf 90' lang='lat' dir='ltr'>et</span> <span class='ocrx_word' id='word_1_56' title='bbox 1166 1358 1320 1440; x_wconf 89' lang='lat' dir='ltr'>episcopi</span> 
     </span>
     <span class='ocr_line' id='line_1_10' title="bbox 267 1456 1321 1539; baseline -0.001 -18"><span class='ocrx_word' id='word_1_57' title='bbox 267 1456 519 1521; x_wconf 90' lang='lat' dir='ltr'>Wintoniensis</span> <span class='ocrx_word' id='word_1_58' title='bbox 540 1459 630 1520; x_wconf 90' lang='lat' dir='ltr'>inter</span> <span class='ocrx_word' id='word_1_59' title='bbox 656 1456 855 1537; x_wconf 84' lang='lat' dir='ltr'>Radiugum</span> <span class='ocrx_word' id='word_1_60' title='bbox 879 1463 914 1520; x_wconf 92' lang='lat' dir='ltr'>et</span> <span class='ocrx_word' id='word_1_61' title='bbox 935 1457 1169 1539; x_wconf 84' lang='lat' dir='ltr'>Walingefort</span> <span class='ocrx_word' id='word_1_62' title='bbox 1195 1475 1321 1539; x_wconf 89' lang='lat' dir='ltr'>rapue-</span> 
     </span>
     <span class='ocr_line' id='line_1_11' title="bbox 267 1556 1319 1637; baseline 0.002 -18"><span class='ocrx_word' id='word_1_63' title='bbox 267 1563 360 1620; x_wconf 86' lang='lat' dir='ltr'>runt.</span> <span class='ocrx_word' id='word_1_64' title='bbox 413 1557 557 1621; x_wconf 88' lang='lat' dir='ltr'>Interim</span> <span class='ocrx_word' id='word_1_65' title='bbox 586 1563 702 1619; x_wconf 88' lang='lat' dir='ltr'>castra</span> <span class='ocrx_word' id='word_1_66' title='bbox 731 1557 867 1620; x_wconf 88' lang='lat' dir='ltr'>comitis</span> <span class='ocrx_word' id='word_1_67' title='bbox 897 1556 1096 1620; x_wconf 90' lang='lat' dir='ltr'>Marescalli</span> <span class='ocrx_word' id='word_1_68' title='bbox 1129 1563 1319 1637; x_wconf 86' lang='lat' dir='ltr'>rapuerunt</span> 
     </span>
     <span class='ocr_line' id='line_1_12' title="bbox 268 1649 1321 1739; baseline 0.003 -22"><span class='ocrx_word' id='word_1_69' title='bbox 268 1655 335 1736; x_wconf 91' lang='lat' dir='ltr'>ipsi</span> <span class='ocrx_word' id='word_1_70' title='bbox 360 1675 520 1739; x_wconf 89' lang='lat' dir='ltr'>proceres</span> <span class='ocrx_word' id='word_1_71' title='bbox 548 1649 740 1731; x_wconf 83' lang='lat' dir='ltr'>Hiberniae,</span> <span class='ocrx_word' id='word_1_72' title='bbox 763 1662 970 1736; x_wconf 88' lang='lat' dir='ltr'>occupantes</span> <span class='ocrx_word' id='word_1_73' title='bbox 994 1663 1029 1719; x_wconf 89' lang='lat' dir='ltr'>et</span> <span class='ocrx_word' id='word_1_74' title='bbox 1050 1657 1141 1719; x_wconf 91' lang='lat' dir='ltr'>inter</span> <span class='ocrx_word' id='word_1_75' title='bbox 1166 1674 1204 1718; x_wconf 91' lang='lat' dir='ltr'>se</span> <span class='ocrx_word' id='word_1_76' title='bbox 1231 1655 1321 1720; x_wconf 86' lang='lat' dir='ltr'>divi·</span> 
     </span>
     <span class='ocr_line' id='line_1_13' title="bbox 268 1753 1320 1837; baseline 0.001 -21"><span class='ocrx_word' id='word_1_77' title='bbox 268 1753 400 1831; x_wconf 90' lang='lat' dir='ltr'>dentes,</span> <span class='ocrx_word' id='word_1_78' title='bbox 418 1756 510 1819; x_wconf 89' lang='lat' dir='ltr'>sicut</span> <span class='ocrx_word' id='word_1_79' title='bbox 526 1755 575 1818; x_wconf 91' lang='lat' dir='ltr'>eis</span> <span class='ocrx_word' id='word_1_80' title='bbox 594 1773 655 1836; x_wconf 91' lang='lat' dir='ltr'>per</span> <span class='ocrx_word' id='word_1_81' title='bbox 673 1754 829 1817; x_wconf 88' lang='lat' dir='ltr'>chartam</span> <span class='ocrx_word' id='word_1_82' title='bbox 844 1755 936 1837; x_wconf 86' lang='lat' dir='ltr'>regis</span> <span class='ocrx_word' id='word_1_83' title='bbox 950 1753 1089 1818; x_wconf 89' lang='lat' dir='ltr'>fuerunt</span> <span class='ocrx_word' id='word_1_84' title='bbox 1105 1753 1320 1832; x_wconf 87' lang='lat' dir='ltr'>confirmata,</span> 
     </span>
     <span class='ocr_line' id='line_1_14' title="bbox 266 1853 804 1935; baseline -0.004 -18"><span class='ocrx_word' id='word_1_85' title='bbox 266 1855 541 1935; x_wconf 87' lang='lat' dir='ltr'>possessionibus</span> <span class='ocrx_word' id='word_1_86' title='bbox 556 1853 804 1917; x_wconf 86' lang='lat' dir='ltr'>incumbentes.</span> 
     </span>
    </p>
   </div>
   <div class='ocr_carea' id='block_1_4' title="bbox 217 1990 1144 2137">
    <p class='ocr_par' dir='ltr' id='par_1_4' title="bbox 217 1990 1144 2137">
     <span class='ocr_line' id='line_1_15' title="bbox 217 1990 1144 2137; baseline -0.002 -21"><span class='ocrx_word' id='word_1_87' title='bbox 217 1990 292 2131; x_wconf 47' lang='lat' dir='ltr'>iiii,</span> <span class='ocrx_word' id='word_1_88' title='bbox 312 1992 366 2131; x_wconf 50' lang='lat' dir='ltr'>pp,</span> <span class='ocrx_word' id='word_1_89' title='bbox 383 2055 418 2118; x_wconf 82' lang='lat' dir='ltr'>in</span> <span class='ocrx_word' id='word_1_90' title='bbox 425 2055 537 2137; x_wconf 73' lang='lat' dir='ltr'>flotam</span> <span class='ocrx_word' id='word_1_91' title='bbox 614 2051 784 2116; x_wconf 85' lang='lat' dir='ltr'>infletum</span> <span class='ocrx_word' id='word_1_92' title='bbox 801 2059 836 2116; x_wconf 91' lang='lat' dir='ltr'>et</span> <span class='ocrx_word' id='word_1_93' title='bbox 851 2051 1144 2117; x_wconf 88' lang='lat' dir='ltr'>lamentationem.</span> 
     </span>
    </p>
   </div>
   <div class='ocr_carea' id='block_1_5' title="bbox 215 2174 1319 2438">
    <p class='ocr_par' dir='ltr' id='par_1_5' title="bbox 215 2174 1319 2438">
     <span class='ocr_line' id='line_1_16' title="bbox 215 2174 1318 2264; baseline -0.003 -23"><span class='ocrx_word' id='word_1_94' title='bbox 215 2211 268 2224; x_wconf 89' lang='lat'><em>-</em></span> <span class='ocrx_word' id='word_1_95' title='bbox 310 2179 363 2255; x_wconf 91' lang='grc'>20,</span> <span class='ocrx_word' id='word_1_96' title='bbox 380 2177 524 2264; x_wconf 76' lang='lat' dir='ltr'>erepebat</span> <span class='ocrx_word' id='word_1_97' title='bbox 614 2175 707 2239; x_wconf 80' lang='lat' dir='ltr'>addit</span> <span class='ocrx_word' id='word_1_98' title='bbox 722 2175 844 2251; x_wconf 82' lang='lat' dir='ltr'>Paris,</span> <span class='ocrx_word' id='word_1_99' title='bbox 859 2176 1047 2240; x_wconf 90' lang='lat' dir='ltr'>consimilis</span> <span class='ocrx_word' id='word_1_100' title='bbox 1062 2176 1098 2239; x_wconf 93' lang='lat' dir='ltr'>in</span> <span class='ocrx_word' id='word_1_101' title='bbox 1110 2174 1176 2238; x_wconf 94' lang='lat' dir='ltr'>hoc</span> <span class='ocrx_word' id='word_1_102' title='bbox 1191 2174 1318 2251; x_wconf 87' lang='lat' dir='ltr'>David,</span> 
     </span>
     <span class='ocr_line' id='line_1_17' title="bbox 637 2273 1319 2356; baseline -0.001 -18"><span class='ocrx_word' id='word_1_103' title='bbox 637 2294 756 2338; x_wconf 89' lang='lat' dir='ltr'>casum</span> <span class='ocrx_word' id='word_1_104' title='bbox 787 2275 903 2340; x_wconf 90' lang='lat' dir='ltr'>Saulis</span> <span class='ocrx_word' id='word_1_105' title='bbox 939 2282 975 2339; x_wconf 91' lang='lat' dir='ltr'>et</span> <span class='ocrx_word' id='word_1_106' title='bbox 1003 2275 1026 2339; x_wconf 84' lang='lat' dir='ltr'><strong>J</strong></span> <span class='ocrx_word' id='word_1_107' title='bbox 1030 2275 1168 2339; x_wconf 86' lang='lat' dir='ltr'>onathae</span> <span class='ocrx_word' id='word_1_108' title='bbox 1200 2273 1319 2356; x_wconf 88' lang='lat' dir='ltr'>deplo-</span> 
     </span>
     <span class='ocr_line' id='line_1_18' title="bbox 637 2374 759 2438; baseline 0 -2"><span class='ocrx_word' id='word_1_109' title='bbox 637 2374 759 2438; x_wconf 89' lang='lat' dir='ltr'>rantis.</span> 
     </span>
    </p>
   </div>
   <div class='ocr_carea' id='block_1_6' title="bbox 214 2497 838 2707">
    <p class='ocr_par' dir='ltr' id='par_1_6' title="bbox 214 2497 838 2707">
     <span class='ocr_line' id='line_1_19' title="bbox 214 2497 838 2573; baseline 0 -12"><span class='ocrx_word' id='word_1_110' title='bbox 214 2539 265 2551; x_wconf 90' lang='grc'><strong>-</strong></span> <span class='ocrx_word' id='word_1_111' title='bbox 309 2500 363 2573; x_wconf 96' lang='grc'>21,</span> <span class='ocrx_word' id='word_1_112' title='bbox 378 2499 519 2564; x_wconf 80' lang='lat' dir='ltr'>inimicos</span> <span class='ocrx_word' id='word_1_113' title='bbox 615 2497 838 2561; x_wconf 87' lang='lat' dir='ltr'>offendentes.</span> 
     </span>
     <span class='ocr_line' id='line_1_20' title="bbox 214 2618 704 2707; baseline -0.008 -21"><span class='ocrx_word' id='word_1_114' title='bbox 214 2663 265 2675; x_wconf 97' lang='lat'><strong>—</strong></span> <span class='ocrx_word' id='word_1_115' title='bbox 307 2657 352 2669; x_wconf 93' lang='grc'><strong>-</strong></span> <span class='ocrx_word' id='word_1_116' title='bbox 369 2631 470 2707; x_wconf 77' lang='lat' dir='ltr'>potest</span> <span class='ocrx_word' id='word_1_117' title='bbox 613 2618 704 2683; x_wconf 68' lang='lat' dir='ltr'>daea</span> 
     </span>
    </p>
   </div>
   <div class='ocr_carea' id='block_1_7' title="bbox 209 2743 1317 4275">
    <p class='ocr_par' dir='ltr' id='par_1_7' title="bbox 209 2743 1317 4275">
     <span class='ocr_line' id='line_1_21' title="bbox 213 2743 1317 2829; baseline -0.001 -22"><span class='ocrx_word' id='word_1_118' title='bbox 213 2785 264 2797; x_wconf 91' lang='lat'><em>-</em></span> <span class='ocrx_word' id='word_1_119' title='bbox 309 2746 360 2821; x_wconf 90' lang='grc'>22,</span> <span class='ocrx_word' id='word_1_120' title='bbox 370 2755 541 2829; x_wconf 67' lang='lat' dir='ltr'>peracuto</span> <span class='ocrx_word' id='word_1_121' title='bbox 613 2745 784 2820; x_wconf 90' lang='lat' dir='ltr'>fidelibus,</span> <span class='ocrx_word' id='word_1_122' title='bbox 807 2762 895 2827; x_wconf 93' lang='lat' dir='ltr'>quos</span> <span class='ocrx_word' id='word_1_123' title='bbox 917 2743 1014 2807; x_wconf 82' lang='lat' dir='ltr'>falsis</span> <span class='ocrx_word' id='word_1_124' title='bbox 1037 2743 1317 2825; x_wconf 82' lang='lat' dir='ltr'>suggestionibus</span> 
     </span>
     <span class='ocr_line' id='line_1_22' title="bbox 365 2842 1115 2924; baseline -0.001 -17"><span class='ocrx_word' id='word_1_125' title='bbox 365 2844 468 2907; x_wconf 66' lang='lat' dir='ltr'>rides</span> <span class='ocrx_word' id='word_1_126' title='bbox 481 2847 549 2910; x_wconf 88' lang='lat' dir='ltr'>Do·</span> <span class='ocrx_word' id='word_1_127' title='bbox 634 2862 761 2907; x_wconf 86' lang='lat' dir='ltr'>exosos</span> <span class='ocrx_word' id='word_1_128' title='bbox 779 2843 901 2906; x_wconf 91' lang='lat' dir='ltr'>habuit</span> <span class='ocrx_word' id='word_1_129' title='bbox 917 2842 1115 2924; x_wconf 88' lang='lat' dir='ltr'>aliquando.</span> 
     </span>
     <span class='ocr_line' id='line_1_23' title="bbox 378 2944 498 3007; baseline 0.008 -1"><span class='ocrx_word' id='word_1_130' title='bbox 378 2944 498 3007; x_wconf 71' lang='lat' dir='ltr'>minium</span> 
     </span>
     <span class='ocr_line' id='line_1_24' title="bbox 212 3061 1316 3145; baseline -0.002 -19"><span class='ocrx_word' id='word_1_131' title='bbox 212 3100 264 3132; x_wconf 71' lang='lat' dir='ltr'>r-</span> <span class='ocrx_word' id='word_1_132' title='bbox 308 3065 360 3140; x_wconf 91' lang='grc'>32,</span> <span class='ocrx_word' id='word_1_133' title='bbox 368 3065 557 3145; x_wconf 69' lang='lat' dir='ltr'>sterneretur</span> <span class='ocrx_word' id='word_1_134' title='bbox 611 3061 705 3126; x_wconf 82' lang='lat' dir='ltr'>addit</span> <span class='ocrx_word' id='word_1_135' title='bbox 733 3061 861 3134; x_wconf 82' lang='lat' dir='ltr'>Paris..</span> <span class='ocrx_word' id='word_1_136' title='bbox 896 3062 1113 3144; x_wconf 90' lang='lat' dir='ltr'>Dicebatque</span> <span class='ocrx_word' id='word_1_137' title='bbox 1146 3061 1316 3144; x_wconf 88' lang='lat' dir='ltr'>archiepi-</span> 
     </span>
     <span class='ocr_line' id='line_1_25' title="bbox 229 3153 1315 3244; baseline -0.001 -19"><span class='ocrx_word' id='word_1_138' title='bbox 229 3153 233 3159; x_wconf 70' lang='grc'>’</span> <span class='ocrx_word' id='word_1_139' title='bbox 634 3181 760 3244; x_wconf 90' lang='lat' dir='ltr'>scopus</span> <span class='ocrx_word' id='word_1_140' title='bbox 775 3160 1114 3236; x_wconf 90' lang='lat' dir='ltr'>circumsedentibus,</span> <span class='ocrx_word' id='word_1_141' title='bbox 1130 3159 1218 3223; x_wconf 85' lang='lat' dir='ltr'>forte</span> <span class='ocrx_word' id='word_1_142' title='bbox 1233 3180 1315 3241; x_wconf 85' lang='lat' dir='ltr'>rege</span> 
     </span>
     <span class='ocr_line' id='line_1_26' title="bbox 633 3259 1315 3341; baseline -0.001 -18"><span class='ocrx_word' id='word_1_143' title='bbox 633 3261 807 3336; x_wconf 90' lang='lat' dir='ltr'>audiente,</span> <span class='ocrx_word' id='word_1_144' title='bbox 824 3259 915 3341; x_wconf 90' lang='lat' dir='ltr'>quod</span> <span class='ocrx_word' id='word_1_145' title='bbox 929 3259 973 3322; x_wconf 88' lang='lat' dir='ltr'>ad</span> <span class='ocrx_word' id='word_1_146' title='bbox 988 3259 1093 3322; x_wconf 89' lang='lat' dir='ltr'>talem</span> <span class='ocrx_word' id='word_1_147' title='bbox 1111 3259 1211 3321; x_wconf 89' lang='lat' dir='ltr'>finem</span> <span class='ocrx_word' id='word_1_148' title='bbox 1229 3259 1315 3322; x_wconf 86' lang='lat' dir='ltr'>mui-</span> 
     </span>
     <span class='ocr_line' id='line_1_27' title="bbox 634 3356 1314 3440; baseline -0.003 -18"><span class='ocrx_word' id='word_1_149' title='bbox 634 3360 680 3423; x_wconf 89' lang='lat' dir='ltr'>tis</span> <span class='ocrx_word' id='word_1_150' title='bbox 721 3365 951 3440; x_wconf 88' lang='lat' dir='ltr'>pervenerunt</span> <span class='ocrx_word' id='word_1_151' title='bbox 993 3356 1314 3440; x_wconf 85' lang='lat' dir='ltr'>disceptationibus,</span> 
     </span>
     <span class='ocr_line' id='line_1_28' title="bbox 634 3456 1314 3539; baseline -0.003 -19"><span class='ocrx_word' id='word_1_152' title='bbox 634 3458 736 3520; x_wconf 92' lang='lat' dir='ltr'>minis</span> <span class='ocrx_word' id='word_1_153' title='bbox 758 3456 945 3538; x_wconf 89' lang='lat' dir='ltr'>aliquando</span> <span class='ocrx_word' id='word_1_154' title='bbox 966 3476 1011 3520; x_wconf 87' lang='lat' dir='ltr'>ex</span> <span class='ocrx_word' id='word_1_155' title='bbox 1037 3463 1136 3539; x_wconf 88' lang='lat' dir='ltr'>parte</span> <span class='ocrx_word' id='word_1_156' title='bbox 1163 3456 1255 3536; x_wconf 87' lang='lat' dir='ltr'>regis</span> <span class='ocrx_word' id='word_1_157' title='bbox 1278 3462 1314 3518; x_wconf 90' lang='lat' dir='ltr'>et</span> 
     </span>
     <span class='ocr_line' id='line_1_29' title="bbox 633 3554 1315 3637; baseline -0.003 -19"><span class='ocrx_word' id='word_1_158' title='bbox 633 3557 740 3620; x_wconf 92' lang='lat' dir='ltr'>totius</span> <span class='ocrx_word' id='word_1_159' title='bbox 771 3556 855 3618; x_wconf 90' lang='lat' dir='ltr'>cleri</span> <span class='ocrx_word' id='word_1_160' title='bbox 883 3554 1212 3634; x_wconf 82' lang='lat' dir='ltr'>intercurrentibus3</span> <span class='ocrx_word' id='word_1_161' title='bbox 1239 3555 1315 3637; x_wconf 89' lang='lat' dir='ltr'>qui-</span> 
     </span>
     <span class='ocr_line' id='line_1_30' title="bbox 632 3647 1314 3718; baseline -0.003 0"><span class='ocrx_word' id='word_1_162' title='bbox 632 3656 696 3718; x_wconf 92' lang='lat' dir='ltr'>bus</span> <span class='ocrx_word' id='word_1_163' title='bbox 722 3647 825 3717; x_wconf 83' lang='lat' dir='ltr'>minis</span> <span class='ocrx_word' id='word_1_164' title='bbox 850 3655 901 3717; x_wconf 87' lang='lat' dir='ltr'>sic</span> <span class='ocrx_word' id='word_1_165' title='bbox 926 3653 1051 3718; x_wconf 88' lang='lat' dir='ltr'>dicitur</span> <span class='ocrx_word' id='word_1_166' title='bbox 1073 3653 1237 3718; x_wconf 86' lang='lat' dir='ltr'>Leolinus</span> <span class='ocrx_word' id='word_1_167' title='bbox 1259 3673 1314 3716; x_wconf 90' lang='lat' dir='ltr'>re·</span> 
     </span>
     <span class='ocr_line' id='line_1_31' title="bbox 631 3752 1312 3835; baseline -0.001 -20"><span class='ocrx_word' id='word_1_168' title='bbox 631 3753 824 3835; x_wconf 92' lang='lat' dir='ltr'>spondisse,</span> <span class='ocrx_word' id='word_1_169' title='bbox 836 3753 940 3816; x_wconf 91' lang='lat' dir='ltr'>‘Plus</span> <span class='ocrx_word' id='word_1_170' title='bbox 958 3752 1063 3816; x_wconf 89' lang='lat' dir='ltr'>timeo</span> <span class='ocrx_word' id='word_1_171' title='bbox 1076 3753 1312 3833; x_wconf 86' lang='lat' dir='ltr'>eleemosynas</span> 
     </span>
     <span class='ocr_line' id='line_1_32' title="bbox 631 3849 1312 3935; baseline -0.003 -21"><span class='ocrx_word' id='word_1_172' title='bbox 631 3853 724 3933; x_wconf 86' lang='lat' dir='ltr'>regis</span> <span class='ocrx_word' id='word_1_173' title='bbox 749 3871 854 3934; x_wconf 88' lang='lat' dir='ltr'>quam</span> <span class='ocrx_word' id='word_1_174' title='bbox 883 3857 992 3915; x_wconf 87' lang='lat' dir='ltr'>totam</span> <span class='ocrx_word' id='word_1_175' title='bbox 1016 3850 1092 3935; x_wconf 89' lang='lat' dir='ltr'>ejus</span> <span class='ocrx_word' id='word_1_176' title='bbox 1117 3869 1194 3914; x_wconf 90' lang='lat' dir='ltr'>curn</span> <span class='ocrx_word' id='word_1_177' title='bbox 1219 3849 1312 3913; x_wconf 88' lang='lat' dir='ltr'>clero</span> 
     </span>
     <span class='ocr_line' id='line_1_33' title="bbox 631 3950 813 4014; baseline -0.011 -1"><span class='ocrx_word' id='word_1_178' title='bbox 631 3950 813 4014; x_wconf 88' lang='lat' dir='ltr'>militiam.&#39;</span> 
     </span>
     <span class='ocr_line' id='line_1_34' title="bbox 210 4073 833 4154; baseline -0.006 -16"><span class='ocrx_word' id='word_1_179' title='bbox 210 4077 284 4152; x_wconf 83' lang='lat'>310,</span> <span class='ocrx_word' id='word_1_180' title='bbox 326 4077 357 4152; x_wconf 90' lang='grc'>2,</span> <span class='ocrx_word' id='word_1_181' title='bbox 372 4075 510 4140; x_wconf 79' lang='lat' dir='ltr'>oculatos</span> <span class='ocrx_word' id='word_1_182' title='bbox 609 4073 833 4154; x_wconf 87' lang='lat' dir='ltr'>proscriptos.</span> 
     </span>
     <span class='ocr_line' id='line_1_35' title="bbox 209 4193 1018 4275; baseline -0.002 -17"><span class='ocrx_word' id='word_1_183' title='bbox 209 4235 259 4248; x_wconf 90' lang='lat'><em>-</em></span> <span class='ocrx_word' id='word_1_184' title='bbox 325 4200 356 4275; x_wconf 91' lang='lat'>8,</span> <span class='ocrx_word' id='word_1_185' title='bbox 372 4197 522 4262; x_wconf 73' lang='lat' dir='ltr'>condedo</span> <span class='ocrx_word' id='word_1_186' title='bbox 609 4193 782 4259; x_wconf 90' lang='lat' dir='ltr'>conductu</span> <span class='ocrx_word' id='word_1_187' title='bbox 799 4194 1018 4257; x_wconf 88' lang='lat' dir='ltr'>ducerentur.</span> 
     </span>
    </p>
   </div>
   <div class='ocr_carea' id='block_1_8' title="bbox 1133 4331 1159 4376">
    <p class='ocr_par' dir='ltr' id='par_1_8' title="bbox 1133 4331 1159 4376">
     <span class='ocr_line' id='line_1_36' title="bbox 1133 4331 1159 4376; baseline 0 0"><span class='ocrx_word' id='word_1_188' title='bbox 1133 4331 1159 4376; x_wconf 87' lang='lat' dir='ltr'>X</span> 
     </span>
    </p>
   </div>
   <div class='ocr_carea' id='block_1_9' title="bbox 0 0 1580 4992">
    <p class='ocr_par' dir='ltr' id='par_1_9' title="bbox 0 0 1580 4992">
     <span class='ocr_line' id='line_1_37' title="bbox 0 0 1580 4992; baseline 0 4"><span class='ocrx_word' id='word_1_189' title='bbox 0 0 1580 4992; x_wconf 95' lang='lat' dir='ltr'> </span> 
     </span>
    </p>
   </div>
  </div>
 </body>
</html>
