3150 4992
622 446 826 502 Luculouns
849 450 984 500 VARIAE.

388 699 523 768 Fratres
536 720 597 765 eoa
614 697 834 786 {preberet
846 697 1033 764 moeoneric
1047 697 1276 762 cunuchorum.

359 831 555 914 ‘Praecipio
581 831 725 896 firmiter
752 831 919 895 fratribus
940 831 1121 909 universis,
1148 851 1191 894 ne
1211 830 1363 895 habeant

308 937 471 1013 suspecta
485 932 661 996 consortia
676 931 731 995 vel
744 931 891 996 consilia
907 930 1108 1016 mulierum3
1132 937 1168 994 ct
1183 950 1226 994 ne
1245 931 1361 1012 ingre·

310 1029 448 1094 diautur
462 1031 673 1095 monasteria
688 1030 947 1107 monacharum,
962 1036 1090 1112 practer
1106 1029 1184 1093 illos
1197 1030 1324 1111 quibus
1339 1048 1362 1094 a

309 1128 391 1193 sede
406 1130 598 1212 apostolica
609 1148 775 1214 concessa
788 1137 843 1193 est
851 1129 991 1193 licentia
1004 1129 1178 1212 specialis3
1199 1148 1264 1192 nec
1275 1128 1362 1193 fiant

309 1236 504 1311 compatres
526 1229 677 1293 virorum
704 1229 761 1294 vel
791 1229 984 1306 mulierum,
1017 1247 1059 1293 ne
1087 1227 1153 1291 hac
1181 1229 1363 1293 occasione

310 1327 401 1392 iuter
413 1328 538 1393 fratres
554 1329 610 1393 vel
628 1328 671 1392 de
688 1328 854 1392 fratribus
869 1327 1070 1394 scandalum
1088 1327 1230 1392 oriatur.

597 1493 647 1557 De
662 1491 801 1558 emtum
816 1493 898 1558 inter
915 1491 1060 1575 infideles.

363 1624 594 1708 ‘Quicunque
611 1623 756 1689 fratrum
774 1625 892 1689 divina
906 1625 1131 1708 inspiratione
1148 1623 1297 1689 voluerit
1312 1623 1362 1687 ire

312 1723 404 1789 inter
421 1725 613 1789 Saracenos
629 1723 686 1789 vel
705 1724 793 1788 alios
808 1723 975 1800 infideles,
991 1731 1089 1806 petat
1103 1723 1241 1787 interim
1256 1724 1363 1786 licen·

312 1823 398 1888 tiam
424 1843 446 1888 a
475 1824 548 1888 suis
579 1823 745 1887 ministris
776 1823 1067 1906 provincialibus3
1102 1824 1251 1887 ministri
1283 1842 1363 1886 vero

312 1923 417 1987 nullis
441 1923 544 1986 eundi
560 1923 734 1988 licentiam
757 1923 923 1999 tribuant,
945 1923 1012 1986 nisi
1034 1923 1084 1987 eis
1106 1940 1193 2005 quos
1215 1922 1363 1987 viderint

311 2022 454 2087 idoneos
475 2023 520 2086 ad
543 2022 757 2088 mittendum.
809 2021 866 2087 Ad
884 2021 969 2099 haec,
987 2041 1049 2104 per
1064 2021 1292 2086 obedientiam
1308 2021 1362 2083 in·

198 2195 203 2207 .
308 2120 422 2205 jungo
448 2122 627 2199 ministris,
654 2129 694 2186 ut
719 2126 840 2203 petant
866 2140 888 2186 a
909 2121 1048 2185 domino
1071 2140 1164 2204 papa
1185 2139 1292 2184 unum
1319 2120 1362 2183 de

313 2228 444 2286 sanctae
462 2221 632 2286 Romanae
651 2220 806 2285 ecclesiae
826 2219 1070 2297 cardinalibus,
1094 2221 1155 2302 qui
1177 2220 1224 2284 sit
1242 2221 1363 2301 guber-

315 2327 428 2398 nator,
450 2327 638 2403 protector,
661 2327 696 2384 et
718 2327 892 2385 corrector
913 2320 1016 2404 hujus
1035 2319 1288 2397 fraternitatis3
1311 2325 1362 2396 ut,

314 2439 449 2503 semper
469 2420 600 2486 subditi
619 2426 655 2483 et
677 2419 825 2503 subjecti
845 2419 990 2501 pedibus
1016 2418 1171 2502 ejusdem
1198 2418 1365 2495 ecclcsiae,

314 2520 457 2600 stabiles
477 2519 514 2582 iu
536 2518 603 2582 fide
622 2518 795 2582 catholica
809 2526 1048 2601 paupertatem
1069 2525 1106 2582 et
1120 2517 1314 2583 libertatem
1329 2524 1365 2582 et

314 2624 472 2682 sanctum
486 2617 703 2697 evangelium
718 2617 858 2681 Domini
874 2618 984 2682 nostri
1008 2616 1032 2680 J
1034 2636 1096 2682 esu
1115 2616 1257 2693 Christi,
1271 2616 1363 2700 quod

314 2715 457 2779 tirmiter
473 2716 704 2798 promisimus,
718 2716 964 2782 observemus!

349 2879 499 2945 Remum
511 2881 548 2945 de
562 2881 720 2967 Biaqtum
728 2882 839 2966 foetus
855 2890 898 2946 eat
911 2881 1068 2966 episcopus
1083 2878 1328 2944 bamberiensis.

364 3009 495 3074 Eodem
524 3029 616 3075 anno
641 3010 808 3091 magister
832 3009 1008 3073 Robertus
1037 3009 1080 3072 de
1106 3007 1292 3091 Bingbam,
1320 3027 1366 3072 ex

312 3110 480 3175 canonico
505 3109 760 3186 Sarisberieusi,
784 3109 898 3173 factus
923 3116 977 3173 est
1001 3109 1184 3191 episcopus
1211 3108 1366 3193 ejusdem

312 3209 478 3274 ecclesiae.

265 3345 338 3487 1⁹32,
362 3347 414 3488 ni,
428 3411 510 3476 celia
529 3459 537 3476 .
553 3458 588 3475 ..
662 3411 819 3475 cervisiae
838 3455 889 3475 ...
909 3408 1088 3491 quasdam.

427 3510 566 3593 qaedam

260 3669 312 3680 —
378 3631 410 3705 9,
417 3630 500 3713 feeit
658 3629 780 3712 jussit.

261 3791 312 3802 -
357 3752 409 3828 13,
429 3751 574 3815 Tameia
662 3752 797 3835 Thony.

261 3908 313 3919 —
358 3876 412 3951 15,
421 3874 614 3959 pataram
663 3875 715 3939 vir
743 3875 881 3957 quidem
908 3878 1012 3940 armis
1039 3886 1213 3956 strenuus,
1242 3901 1369 3963 genere

425 3973 597 4060 loqueretur
684 3976 884 4056 praeclarus,
908 3977 1052 4059 cupiens
1076 3999 1153 4043 cum
1180 3981 1257 4063 ipso
1275 3980 1368 4046 dicto

685 4073 825 4155 Rogare
847 4074 1008 4139 habuisse
1025 4078 1081 4141 vel
1107 4079 1234 4143 habere
1259 4080 1368 4144 collo-

686 4173 804 4254 quium
822 4182 1007 4257 antequam
1031 4177 1153 4256 obiret,
1175 4198 1253 4242 cum
1272 4199 1366 4242 sum-
