3150 4992
263 437 330 504 802
635 454 835 503 nucnrovus
863 454 994 504 vanis.

264 636 344 701 loca
358 655 424 702 sua
438 637 530 716 illos,
552 637 612 720 qui
627 637 765 720 siguum
783 638 896 702 crucis
913 637 1158 721 deposnerunt,
1182 660 1369 722 resumere,

264 756 307 801 ac
330 745 401 800 tam
429 737 525 820 ipsos
546 757 651 820 quam
671 736 760 803 alios
781 757 882 803 cruce
904 738 1061 820 signatos
1086 747 1121 804 et
1144 760 1232 823 quos
1255 743 1370 807 adhuc

265 837 396 919 signari
409 838 607 921 contigerit,
626 836 672 902 ad
693 837 905 902 reddendum
932 839 1083 904 Domino
1105 847 1189 904 vota
1207 860 1273 906 sua
1294 843 1369 906 dili-

255 944 388 1018 ·geuter
403 943 568 1002 moueant
583 945 620 1002 et
633 937 812 1002 inducant.
871 938 1056 1016 Caeterum,
1072 941 1154 1024 quia
1169 943 1315 1008 cursarii
1332 949 1381 1023 et¹

264 1036 388 1118 piratae
411 1038 514 1101 nimis
532 1037 725 1120 impediunt
746 1037 937 1103 subsidium
964 1039 1082 1104 Terrae
1104 1047 1246 1118 sanotae,
1274 1043 1368 1125 capi·
1445 1072 1448 1076 ¹

265 1136 355 1200 eudo
378 1144 414 1201 et
435 1137 618 1220 spoliando
642 1143 860 1201 transeuntes
879 1137 924 1202 ad
945 1139 1040 1202 illam
1056 1147 1092 1204 et
1106 1141 1150 1204 ab
1173 1141 1236 1205 illa
1254 1161 1370 1207 rever-

264 1242 390 1312 tentes,
416 1256 480 1301 nos
504 1255 564 1301 eos
586 1243 624 1301 et
647 1237 854 1320 principales
874 1238 1051 1321 adjutores
1074 1246 1110 1304 et
1127 1239 1279 1304 fautores
1304 1261 1367 1306 ex·

264 1337 585 1402 communicationis
600 1336 741 1401 vinculo
757 1337 962 1401 innodamus
975 1357 984 1418 ;
1007 1339 1072 1401 snb
1087 1340 1367 1406 interminatione

264 1435 496 1500 anathematis
516 1437 725 1512 inhibentes,
750 1456 794 1501 ue
820 1439 999 1519 quiscum
1024 1437 1075 1503 eis
1102 1440 1251 1504 scienter
1270 1460 1364 1505 com-

263 1536 416 1600 municet
441 1535 479 1599 in
502 1537 621 1619 aliquo
642 1536 850 1603 venditionis
875 1537 931 1601 vel
956 1537 1139 1620 emptionis
1160 1546 1364 1620 contractu3

262 1633 483 1718 injungentes
499 1636 691 1700 rectoribus
712 1637 893 1700 civitatum
915 1645 951 1701 et
967 1637 1121 1702 locorum
1146 1658 1298 1716 suorum,
1325 1649 1366 1705 ut

264 1753 325 1798 eos
354 1736 399 1799 ab
425 1734 491 1800 bac
519 1735 705 1817 iniquitate
729 1743 895 1801 revocent
920 1743 956 1800 et
981 1745 1215 1820 compescant.
1266 1738 1366 1804 Alio·

265 1835 362 1916 quin,
391 1837 475 1918 quia
504 1834 596 1900 nolle
627 1836 830 1917 perturbare
860 1854 1041 1919 perversos
1073 1837 1157 1901 nibil
1187 1838 1282 1902 aliud
1310 1846 1365 1904 est

264 1952 370 2016 quam
387 1933 515 2010 fovere,
537 1954 601 2000 nec
621 1942 741 2000 carent
753 1936 916 2017 scrupulo
935 1937 1112 2002 societatis
1134 1938 1280 2002 occultae
1304 1941 1365 2022 qui

264 2034 448 2099 manifesto
481 2034 627 2099 facinori
658 2035 773 2100 desint
798 2036 950 2112 obviare,
982 2055 1044 2100 nos
1072 2037 1108 2100 iu
1139 2057 1304 2120 personas
1330 2046 1366 2104 et

264 2139 377 2197 terras
403 2154 523 2199 eornm
545 2135 764 2199 severitatem
786 2134 1054 2200 ecclesiasticam
1079 2138 1276 2202 curavimus
1305 2157 1363 2202 ex-

263 2252 390 2308 ercere,
416 2251 494 2298 curu
522 2234 609 2298 tales
635 2254 705 2299 non
729 2235 842 2299 minus
866 2253 970 2319 quam
995 2235 1160 2300 Saraceni
1181 2236 1366 2301 adversen-

264 2338 323 2396 tur
356 2334 487 2398 nomini
519 2333 725 2398 Christiano.
779 2334 995 2400 Innovamus
1025 2342 1194 2418 praeterea
1225 2355 1365 2400 exeom-

264 2434 508 2497 municatiouis
522 2435 742 2510 sententiam,
757 2435 794 2496 iu
809 2434 981 2498 Laterano
999 2434 1145 2499 concilio
1169 2437 1366 2518 promulga-

265 2537 349 2609 tam,
367 2533 533 2598 adversus
549 2553 609 2597 eos
625 2534 685 2616 qui
701 2534 883 2598 Saracenis
905 2553 1013 2612 arma,
1038 2534 1178 2612 ferrum,
1201 2542 1236 2599 et
1251 2536 1364 2618 ligna·

264 2631 357 2694 mina
384 2632 543 2696 deferunt
561 2633 761 2714 galaat-um,
786 2633 915 2715 quique
937 2635 973 2696 in
999 2634 1153 2717 piraticis
1173 2635 1365 2700 Saraceno-

265 2749 339 2792 rum
361 2731 506 2796 navibus
532 2750 651 2794 curam
671 2732 931 2812 gubernationis
956 2740 1131 2810 exercent,
1147 2735 1203 2798 vel
1228 2735 1266 2816 in
1290 2754 1366 2800 ma·

264 2829 375 2892 cbinis
400 2830 456 2894 vel
477 2829 688 2913 quibuslibet
711 2830 789 2895 aliis
812 2829 954 2913 aliquod
981 2833 1032 2896 eis
1053 2833 1258 2915 impendunt
1281 2855 1365 2899 oon-

264 2928 378 2993 silium
394 2930 450 2993 vel
466 2931 645 3007 auxilium,
659 2930 696 2993 in
712 2931 832 2994 Terrae
847 2939 978 2996 sanotae
993 2932 1222 3014 dispendium,
1237 2953 1366 3018 eosque

264 3049 377 3093 rerum
392 3049 533 3094 suarum
549 3031 742 3113 privatione
758 3031 930 3107 mulctari,
946 3038 982 3094 et
998 3033 1209 3116 capientium
1232 3051 1365 3108 servos,

263 3130 296 3193 si
325 3130 419 3212 capti
450 3130 589 3208 fuerint,
617 3130 690 3194 fore
721 3149 925 3208 censemus3
964 3132 1204 3214 praecipientes
1233 3143 1274 3198 ut
1303 3154 1367 3217 per

264 3249 384 3294 omnes
406 3232 508 3294 urbes
535 3229 687 3294 marinas
709 3230 830 3294 diebus
848 3230 1041 3296 Dominicis
1059 3239 1095 3296 et
1109 3232 1243 3296 festivis
1259 3233 1364 3318 hujus

264 3330 440 3394 sententia
466 3330 603 3412 publice
630 3330 825 3394 innovetur.
878 3329 924 3394 Et
948 3330 1076 3394 talibus
1102 3333 1269 3412 gremium
1294 3351 1365 3398 non

265 3429 442 3510 aperiatur
457 3430 623 3506 ecclesia,
639 3429 707 3493 uisi
731 3437 856 3508 totum,
878 3429 971 3514 quod
994 3429 1036 3494 de
1060 3432 1264 3496 commercio
1291 3440 1364 3496 tam

264 3528 452 3592 damnabili
468 3530 695 3612 perceperint,
712 3530 748 3593 in
761 3530 950 3594 subsidium
969 3530 1088 3595 Terrae
1102 3539 1234 3596 sanotae
1251 3539 1366 3596 trans·

263 3627 414 3703 mittant,
433 3636 472 3691 ut
492 3647 593 3710 aequo
611 3628 756 3710 judicio,
780 3629 902 3711 inquo
929 3630 1145 3712 deliquerint,
1164 3631 1364 3714 puniantur.

266 3725 369 3803 Quod
387 3727 417 3789 si
437 3725 526 3790 sorte
547 3727 713 3790 solvendo
736 3728 989 3793 satisfacientes
1011 3747 1081 3794 non
1102 3731 1241 3808 fuerint,
1260 3724 1368 3797 ¹sicut

264 3825 353 3890 alias
373 3833 492 3891 reatus
519 3824 640 3891 talium
672 3828 857 3909 castigare,
887 3829 980 3909 quod
1009 3831 1046 3895 in
1075 3847 1180 3913 poena
1211 3831 1366 3914 ipsorum

264 3926 343 3990 aliis
367 3926 593 3992 interdicatur
618 3926 764 3992 andacia
794 3928 956 3992 similium
980 3930 1218 4012 praesumendi.
1273 3930 1367 4010 Quia

264 4045 347 4090 vero
379 4028 423 4090 ad
458 4028 525 4092 hoc
555 4029 731 4110 negotium
766 4028 1025 4110 exsequendum
1061 4038 1114 4095 est
1150 4031 1365 4113 permaxime

299 4181 309 4215 ¹
321 4185 394 4234 Sirat
402 4221 409 4235 .
418 4221 425 4237 .
434 4222 442 4236 .
450 4183 596 4258 attigere]
615 4189 658 4238 Sic
669 4189 733 4238 alias
743 4191 830 4238 reatus
840 4189 931 4238 talium
942 4191 1097 4252 castigetur;
1117 4189 1214 4241 Concil.
1225 4191 1288 4242 edit.
1301 4191 1366 4254 Reg.

264 4261 324 4307 tour.
336 4255 427 4308 xxviii.
439 4272 466 4319 p.
477 4261 534 4308 31³.
