3150 4992
604 442 803 490 nncrrouns
826 443 960 492 vntum.
1268 429 1333 494 287

279 631 397 705 petum
412 605 540 687 faciens
553 623 801 698 vehementem,
818 642 896 686 cum
914 624 1031 687 multis
1045 624 1127 687 viris
1138 623 1334 689 fortissimis

279 730 315 785 et
329 722 506 804 eleganter
523 722 677 799 armatis
699 722 842 805 cupiens
861 723 998 785 nomine
1014 722 1146 786 famoso
1167 731 1333 806 perpetuo

278 821 460 898 intitulari,
482 828 517 884 et
534 821 656 902 rapido
680 840 846 903 equorum
870 840 972 884 cursu
1000 820 1044 883 ad
1068 821 1165 884 illum
1188 822 1332 887 tendens

279 926 418 1000 captum
435 939 513 983 cum
537 920 610 982 suis
631 921 789 983 omnibus
807 918 844 982 in
860 919 1024 1001 oppidum
1042 920 1223 985 detrudere
1240 921 1335 1002 cogi-

278 1018 387 1081 tabat.

228 1156 302 1295 itii),
319 1156 373 1294 lii,
390 1216 521 1281 rimantes
629 1216 722 1280 addit
738 1217 866 1294 Paris,
882 1225 918 1281 et
933 1218 1163 1281 temerarium.

227 1383 277 1394 -
320 1377 365 1388 -
389 1343 521 1405 armatis
630 1341 774 1404 armatis
788 1341 1002 1404 comitatum.

227 1507 277 1517 -
323 1469 374 1541 15,
382 1465 549 1548 facturam
629 1464 858 1545 incepturum.

228 1624 279 1632 —-
324 1587 377 1661 16,
388 1586 576 1650 calemus..
629 1586 834 1649 exhortatur
850 1585 958 1666 igitur
975 1604 1105 1660 omnes,
1122 1592 1172 1658 ut,
1187 1587 1333 1651 viriliter
1369 1649 1374 1660 ,

175 1686 179 1693 “
393 1685 488 1748 inulti
650 1685 838 1747 defensioni
872 1691 1046 1758 vacantes
1087 1683 1230 1747 hostiles
1270 1686 1333 1748 im-

650 1791 752 1865 petus
769 1789 938 1846 conentur
954 1781 1168 1864 propulsare.
1358 1804 1360 1806 ·

230 1946 279 1956 -
325 1907 379 1981 19,
392 1904 521 1990 cyclum
629 1913 769 1970 strenue
784 1907 946 1987 agebant.

228 2065 280 2096 —‚
323 2030 374 2104 21,
391 2037 498 2090 coatro
629 2028 718 2092 deest.

229 2191 280 2202 —
325 2152 379 2226 22,
389 2148 581 2213 dimicabant
630 2150 859 2213 sustinebant.

229 2314 279 2324 —
324 2274 378 2348 29,
396 2273 449 2336 aad
460 2273 579 2337 ...rcd-
630 2291 708 2334 eum
728 2270 927 2353 frequenter
950 2271 1068 2334 hostili
1089 2273 1257 2354 sanguine
1283 2273 1335 2335 in-

395 2370 484 2435 debat
652 2371 811 2434 ebriavit.

228 2534 277 2544 -
323 2493 373 2570 36,
383 2495 595 2578 inportunum
627 2493 739 2574 magis
753 2493 1000 2575 importunum.

228 2657 279 2668 -
323 2613 376 2697 37,
393 2617 535 2700 arripuit
627 2612 727 2704 addit
735 2615 861 2691 Paris,
879 2615 1014 2679 fortiter
1032 2622 1066 2678 et
1084 2616 1233 2680 revolvit
1251 2615 1333 2680 viri·

650 2715 741 2777 liter.

231 2834 305 2910 281,
344 2837 374 2909 3,
391 2834 539 2897 ioannis
630 2836 825 2900 bellicosus

393 2940 536 2995 streames

228 3095 279 3104 -
323 3056 375 3129 24,
393 3062 546 3116 mortuum
630 3057 835 3120 seminecem
849 3056 905 3119 vel
919 3057 1031 3136 magis
1049 3064 1232 3119 mortuum.

231 3178 304 3252 282,
343 3179 374 3252 1,
392 3175 478 3240 couci
518 3177 526 3190 '
630 3177 795 3254 conclusi,
813 3179 874 3242 vix
892 3177 1071 3259 redempti.

231 3301 304 3375 283,
344 3303 375 3376 8,
385 3309 485 3382 posset
630 3299 722 3364 addit
738 3299 863 3378 Paris,
880 3308 915 3363 et
930 3301 1183 3364 convenienter.

229 3462 279 3472 -
325 3422 376 3496 11,
394 3420 552 3502 confideret
631 3423 767 3505 plenam
785 3423 1026 3487 confidentiam
1044 3430 1246 3505 reportaret.

232 3544 307 3618 284,
324 3544 379 3617 34,
395 3543 582 3626 quinetiam
631 3545 749 3608 dcemtt.

367 3668 372 3684 ·-
390 3639 582 3725 iaArryliom

233 3763 309 3837 285,
347 3765 377 3838 2,
390 3770 483 3826 totam
494 3771 612 3826 terram
632 3763 754 3824 faciem
772 3768 885 3824 terrae.

232 3921 283 3930 -
329 3888 379 3962 13,
397 3885 461 3969 ipsa
542 3884 581 3949 ab
632 3886 676 3949 ab
692 3885 777 3966 ipsis
793 3902 937 3964 regnum
955 3903 1066 3946 suum.

394 4005 472 4067 rpus

232 4117 285 4156 -’
327 4103 596 4190 17,eubja9otuua'
632 4103 723 4167 addit
748 4103 872 4179 Paris,
897 4101 990 4184 quod
1010 4102 1076 4165 Dei
1100 4109 1234 4167 avertat
1257 4123 1336 4186 pro-

655 4203 820 4266 videntia.
