<?xml version="1.0" encoding="UTF-8"?>
<!DOCTYPE html PUBLIC "-//W3C//DTD XHTML 1.0 Transitional//EN"
    "http://www.w3.org/TR/xhtml1/DTD/xhtml1-transitional.dtd">
<html xmlns="http://www.w3.org/1999/xhtml" xml:lang="en" lang="en">
 <head>
  <title>
</title>
<meta http-equiv="Content-Type" content="text/html;charset=utf-8" />
  <meta name='ocr-system' content='tesseract 3.04.00' />
  <meta name='ocr-capabilities' content='ocr_page ocr_carea ocr_par ocr_line ocrx_word'/>
</head>
<body>
  <div class='ocr_page' id='page_1' title='image "appendixadroger00parigoog_0236.png"; bbox 0 0 3150 4992; ppageno 0'>
   <div class='ocr_carea' id='block_1_1' title="bbox 609 459 1339 524">
    <p class='ocr_par' dir='ltr' id='par_1_1' title="bbox 609 459 1339 524">
     <span class='ocr_line' id='line_1_1' title="bbox 609 459 1339 524; baseline 0.003 -4"><span class='ocrx_word' id='word_1_1' title='bbox 609 472 809 520; x_wconf 72' lang='lat' dir='ltr'><strong>unowanus</strong></span> <span class='ocrx_word' id='word_1_2' title='bbox 832 473 968 522; x_wconf 69' lang='lat' dir='ltr'><strong>vnum.</strong></span> <span class='ocrx_word' id='word_1_3' title='bbox 1272 459 1339 524; x_wconf 81' lang='grc'><strong>215</strong></span> 
     </span>
    </p>
   </div>
   <div class='ocr_carea' id='block_1_2' title="bbox 232 594 1336 823">
    <p class='ocr_par' dir='ltr' id='par_1_2' title="bbox 232 594 1336 823">
     <span class='ocr_line' id='line_1_2' title="bbox 232 594 1336 746; baseline 0.005 -26"><span class='ocrx_word' id='word_1_4' title='bbox 232 594 289 734; x_wconf 52' lang='grc' dir='ltr'><strong>ἕξ,</strong></span> <span class='ocrx_word' id='word_1_5' title='bbox 325 595 377 733; x_wconf 61' lang='lat' dir='ltr'><strong>ui,</strong></span> <span class='ocrx_word' id='word_1_6' title='bbox 395 661 529 746; x_wconf 70' lang='lat' dir='ltr'><strong>uada‘qua</strong></span> <span class='ocrx_word' id='word_1_7' title='bbox 634 658 809 740; x_wconf 80' lang='lat' dir='ltr'><strong>undique3</strong></span> <span class='ocrx_word' id='word_1_8' title='bbox 833 668 869 723; x_wconf 92' lang='lat' dir='ltr'><strong>et</strong></span> <span class='ocrx_word' id='word_1_9' title='bbox 880 679 1017 725; x_wconf 75' lang='lat' dir='ltr'><strong>versum</strong></span> <span class='ocrx_word' id='word_1_10' title='bbox 1036 660 1141 724; x_wconf 84' lang='lat' dir='ltr'><strong>estin</strong></span> <span class='ocrx_word' id='word_1_11' title='bbox 1158 680 1236 727; x_wconf 88' lang='lat' dir='ltr'><strong>eum</strong></span> <span class='ocrx_word' id='word_1_12' title='bbox 1253 680 1336 744; x_wconf 65' lang='lat' dir='ltr'><strong>pone</strong></span> 
     </span>
     <span class='ocr_line' id='line_1_3' title="bbox 655 758 827 823; baseline 0.012 -2"><span class='ocrx_word' id='word_1_13' title='bbox 655 758 720 821; x_wconf 86' lang='lat' dir='ltr'><strong>dus</strong></span> <span class='ocrx_word' id='word_1_14' title='bbox 736 759 827 823; x_wconf 87' lang='lat' dir='ltr'><strong>belli.</strong></span> 
     </span>
    </p>
   </div>
   <div class='ocr_carea' id='block_1_3' title="bbox 233 877 1340 1890">
    <p class='ocr_par' dir='ltr' id='par_1_3' title="bbox 233 877 1340 1890">
     <span class='ocr_line' id='line_1_4' title="bbox 233 877 899 968; baseline 0 -20"><span class='ocrx_word' id='word_1_15' title='bbox 233 921 284 932; x_wconf 89' lang='lat'>—</span> <span class='ocrx_word' id='word_1_16' title='bbox 351 877 380 957; x_wconf 83' lang='grc'><strong>7,</strong></span> <span class='ocrx_word' id='word_1_17' title='bbox 392 889 582 965; x_wconf 58' lang='lat' dir='ltr'><strong>quatenus...</strong></span> <span class='ocrx_word' id='word_1_18' title='bbox 634 891 673 947; x_wconf 91' lang='lat' dir='ltr'><strong>nt</strong></span> <span class='ocrx_word' id='word_1_19' title='bbox 691 930 699 946; x_wconf 90' lang='lat'><strong>.</strong></span> <span class='ocrx_word' id='word_1_20' title='bbox 719 933 727 949; x_wconf 92' lang='lat'>.</span> <span class='ocrx_word' id='word_1_21' title='bbox 743 932 751 948; x_wconf 91' lang='lat'><strong>.</strong></span> <span class='ocrx_word' id='word_1_22' title='bbox 769 892 899 968; x_wconf 89' lang='lat' dir='ltr'><strong>posset.</strong></span> 
     </span>
     <span class='ocr_line' id='line_1_5' title="bbox 392 981 542 1064; baseline 0.013 -22"><span class='ocrx_word' id='word_1_23' title='bbox 392 981 542 1064; x_wconf 80' lang='lat' dir='ltr'><strong>potuisset</strong></span> 
     </span>
     <span class='ocr_line' id='line_1_6' title="bbox 233 1106 1323 1190; baseline 0.005 -25"><span class='ocrx_word' id='word_1_24' title='bbox 233 1143 284 1154; x_wconf 92' lang='lat'><em>-</em></span> <span class='ocrx_word' id='word_1_25' title='bbox 350 1107 383 1181; x_wconf 87' lang='lat'><strong>8,</strong></span> <span class='ocrx_word' id='word_1_26' title='bbox 398 1125 458 1166; x_wconf 79' lang='lat' dir='ltr'><strong>uon</strong></span> <span class='ocrx_word' id='word_1_27' title='bbox 469 1106 584 1168; x_wconf 66' lang='lat' dir='ltr'><strong>...Aa</strong></span> <span class='ocrx_word' id='word_1_28' title='bbox 636 1106 783 1188; x_wconf 85' lang='lat' dir='ltr'><strong>Anglico</strong></span> <span class='ocrx_word' id='word_1_29' title='bbox 801 1108 905 1172; x_wconf 89' lang='lat' dir='ltr'><strong>alicui</strong></span> <span class='ocrx_word' id='word_1_30' title='bbox 922 1127 1141 1190; x_wconf 81' lang='lat' dir='ltr'><strong>nequaquam</strong></span> <span class='ocrx_word' id='word_1_31' title='bbox 1154 1106 1323 1170; x_wconf 86' lang='lat' dir='ltr'><strong>redderet.</strong></span> 
     </span>
     <span class='ocr_line' id='line_1_7' title="bbox 395 1201 482 1288; baseline 0.011 -22"><span class='ocrx_word' id='word_1_32' title='bbox 395 1201 482 1288; x_wconf 69' lang='lat' dir='ltr'><strong>ylis·</strong></span> 
     </span>
     <span class='ocr_line' id='line_1_8' title="bbox 233 1327 1337 1410; baseline 0.002 -20"><span class='ocrx_word' id='word_1_33' title='bbox 233 1363 285 1372; x_wconf 98' lang='lat'><strong>—</strong></span> <span class='ocrx_word' id='word_1_34' title='bbox 329 1329 381 1402; x_wconf 92' lang='lat'><strong>10,</strong></span> <span class='ocrx_word' id='word_1_35' title='bbox 398 1328 432 1390; x_wconf 78' lang='lat' dir='ltr'><strong>iu</strong></span> <span class='ocrx_word' id='word_1_36' title='bbox 447 1349 584 1390; x_wconf 75' lang='lat' dir='ltr'><strong>eun...</strong></span> <span class='ocrx_word' id='word_1_37' title='bbox 636 1328 678 1391; x_wconf 85' lang='lat' dir='ltr'><strong>de</strong></span> <span class='ocrx_word' id='word_1_38' title='bbox 695 1327 871 1409; x_wconf 85' lang='lat' dir='ltr'><strong>regalibus</strong></span> <span class='ocrx_word' id='word_1_39' title='bbox 886 1335 921 1391; x_wconf 89' lang='lat' dir='ltr'><strong>et</strong></span> <span class='ocrx_word' id='word_1_40' title='bbox 942 1348 1005 1410; x_wconf 84' lang='lat' dir='ltr'><strong>per</strong></span> <span class='ocrx_word' id='word_1_41' title='bbox 1020 1328 1209 1392; x_wconf 85' lang='lat' dir='ltr'><strong>ocularium</strong></span> <span class='ocrx_word' id='word_1_42' title='bbox 1227 1328 1337 1409; x_wconf 84' lang='lat' dir='ltr'><strong>galeae</strong></span> 
     </span>
     <span class='ocr_line' id='line_1_9' title="bbox 399 1427 1338 1512; baseline 0 -22"><span class='ocrx_word' id='word_1_43' title='bbox 399 1448 459 1491; x_wconf 83' lang='lat' dir='ltr'><strong>uon</strong></span> <span class='ocrx_word' id='word_1_44' title='bbox 473 1427 572 1491; x_wconf 78' lang='lat' dir='ltr'><strong>edidit</strong></span> <span class='ocrx_word' id='word_1_45' title='bbox 658 1435 764 1510; x_wconf 88' lang='lat' dir='ltr'><strong>caput</strong></span> <span class='ocrx_word' id='word_1_46' title='bbox 798 1427 875 1512; x_wconf 88' lang='lat' dir='ltr'><strong>ejus</strong></span> <span class='ocrx_word' id='word_1_47' title='bbox 914 1429 1119 1510; x_wconf 80' lang='lat' dir='ltr'><strong>perforando</strong></span> <span class='ocrx_word' id='word_1_48' title='bbox 1161 1429 1338 1491; x_wconf 84' lang='lat' dir='ltr'><strong>cerebrum</strong></span> 
     </span>
     <span class='ocr_line' id='line_1_10' title="bbox 659 1526 1338 1610; baseline 0 -21"><span class='ocrx_word' id='word_1_49' title='bbox 659 1526 790 1604; x_wconf 87' lang='lat' dir='ltr'><strong>effudit,</strong></span> <span class='ocrx_word' id='word_1_50' title='bbox 820 1534 856 1590; x_wconf 88' lang='lat' dir='ltr'><strong>et</strong></span> <span class='ocrx_word' id='word_1_51' title='bbox 880 1529 1015 1604; x_wconf 80' lang='lat' dir='ltr'><strong>merito,</strong></span> <span class='ocrx_word' id='word_1_52' title='bbox 1047 1528 1130 1610; x_wconf 89' lang='lat' dir='ltr'><strong>quia</strong></span> <span class='ocrx_word' id='word_1_53' title='bbox 1160 1546 1223 1609; x_wconf 87' lang='lat' dir='ltr'><strong>per</strong></span> <span class='ocrx_word' id='word_1_54' title='bbox 1245 1546 1338 1590; x_wconf 85' lang='lat' dir='ltr'><strong>cere-</strong></span> 
     </span>
     <span class='ocr_line' id='line_1_11' title="bbox 657 1625 1337 1711; baseline 0.001 -23"><span class='ocrx_word' id='word_1_55' title='bbox 657 1625 758 1689; x_wconf 83' lang='lat' dir='ltr'><strong>brum</strong></span> <span class='ocrx_word' id='word_1_56' title='bbox 798 1627 912 1690; x_wconf 89' lang='lat' dir='ltr'><strong>dictus</strong></span> <span class='ocrx_word' id='word_1_57' title='bbox 951 1647 1044 1710; x_wconf 85' lang='lat' dir='ltr'><strong>saepe</strong></span> <span class='ocrx_word' id='word_1_58' title='bbox 1078 1626 1267 1711; x_wconf 84' lang='lat' dir='ltr'><strong>pejeravit3</strong></span> <span class='ocrx_word' id='word_1_59' title='bbox 1302 1633 1337 1689; x_wconf 89' lang='lat' dir='ltr'><strong>et</strong></span> 
     </span>
     <span class='ocr_line' id='line_1_12' title="bbox 659 1726 1340 1790; baseline 0 -2"><span class='ocrx_word' id='word_1_60' title='bbox 659 1745 821 1789; x_wconf 84' lang='lat' dir='ltr'><strong>corruens</strong></span> <span class='ocrx_word' id='word_1_61' title='bbox 847 1727 883 1788; x_wconf 95' lang='lat' dir='ltr'><strong>in</strong></span> <span class='ocrx_word' id='word_1_62' title='bbox 909 1733 1037 1790; x_wconf 85' lang='lat' dir='ltr'><strong>terram</strong></span> <span class='ocrx_word' id='word_1_63' title='bbox 1061 1745 1124 1789; x_wconf 86' lang='lat' dir='ltr'><strong>nec</strong></span> <span class='ocrx_word' id='word_1_64' title='bbox 1150 1726 1264 1789; x_wconf 88' lang='lat' dir='ltr'><strong>Deum</strong></span> <span class='ocrx_word' id='word_1_65' title='bbox 1287 1726 1340 1788; x_wconf 92' lang='lat' dir='ltr'><strong>in-</strong></span> 
     </span>
     <span class='ocr_line' id='line_1_13' title="bbox 659 1824 1337 1890; baseline -0.001 -2"><span class='ocrx_word' id='word_1_66' title='bbox 659 1826 798 1889; x_wconf 84' lang='lat' dir='ltr'><strong>vocavit</strong></span> <span class='ocrx_word' id='word_1_67' title='bbox 812 1845 875 1889; x_wconf 85' lang='lat' dir='ltr'><strong>nec</strong></span> <span class='ocrx_word' id='word_1_68' title='bbox 886 1827 989 1890; x_wconf 90' lang='lat' dir='ltr'><strong>etiam</strong></span> <span class='ocrx_word' id='word_1_69' title='bbox 1004 1826 1147 1890; x_wconf 87' lang='lat' dir='ltr'><strong>verbum</strong></span> <span class='ocrx_word' id='word_1_70' title='bbox 1165 1824 1258 1888; x_wconf 89' lang='lat' dir='ltr'><strong>ultra</strong></span> <span class='ocrx_word' id='word_1_71' title='bbox 1267 1844 1337 1888; x_wconf 87' lang='lat' dir='ltr'><strong>non</strong></span> 
     </span>
    </p>
   </div>
   <div class='ocr_carea' id='block_1_4' title="bbox 657 1924 1338 2107">
    <p class='ocr_par' dir='ltr' id='par_1_4' title="bbox 657 1924 1338 2107">
     <span class='ocr_line' id='line_1_14' title="bbox 658 1924 1338 2002; baseline 0 -15"><span class='ocrx_word' id='word_1_72' title='bbox 658 1924 777 2002; x_wconf 86' lang='lat' dir='ltr'><strong>edidit,</strong></span> <span class='ocrx_word' id='word_1_73' title='bbox 810 1925 871 1988; x_wconf 91' lang='lat' dir='ltr'><strong>sed</strong></span> <span class='ocrx_word' id='word_1_74' title='bbox 895 1926 932 1988; x_wconf 92' lang='lat' dir='ltr'><strong>in</strong></span> <span class='ocrx_word' id='word_1_75' title='bbox 959 1945 1094 1989; x_wconf 89' lang='lat' dir='ltr'><strong>summo</strong></span> <span class='ocrx_word' id='word_1_76' title='bbox 1126 1943 1270 1988; x_wconf 81' lang='lat' dir='ltr'><strong>rancore</strong></span> <span class='ocrx_word' id='word_1_77' title='bbox 1301 1930 1338 1987; x_wconf 88' lang='lat' dir='ltr'><strong>et</strong></span> 
     </span>
     <span class='ocr_line' id='line_1_15' title="bbox 657 2024 1286 2107; baseline 0 -21"><span class='ocrx_word' id='word_1_78' title='bbox 657 2025 820 2106; x_wconf 85' lang='lat' dir='ltr'><strong>superbia</strong></span> <span class='ocrx_word' id='word_1_79' title='bbox 836 2024 881 2087; x_wconf 88' lang='lat' dir='ltr'><strong>ad</strong></span> <span class='ocrx_word' id='word_1_80' title='bbox 895 2024 1024 2088; x_wconf 87' lang='lat' dir='ltr'><strong>inferos</strong></span> <span class='ocrx_word' id='word_1_81' title='bbox 1040 2024 1286 2107; x_wconf 79' lang='lat' dir='ltr'>peregrinavit.</span> 
     </span>
    </p>
   </div>
   <div class='ocr_carea' id='block_1_5' title="bbox 232 2147 1314 2611">
    <p class='ocr_par' dir='ltr' id='par_1_5' title="bbox 232 2147 723 2237">
     <span class='ocr_line' id='line_1_16' title="bbox 232 2147 723 2237; baseline -0.012 -21"><span class='ocrx_word' id='word_1_82' title='bbox 232 2194 282 2204; x_wconf 93' lang='lat'><em>-</em></span> <span class='ocrx_word' id='word_1_83' title='bbox 328 2155 379 2228; x_wconf 86' lang='lat'><strong>13,</strong></span> <span class='ocrx_word' id='word_1_84' title='bbox 389 2153 560 2237; x_wconf 67' lang='lat' dir='ltr'><strong>pduluuqes</strong></span> <span class='ocrx_word' id='word_1_85' title='bbox 633 2147 723 2211; x_wconf 74' lang='lat' dir='ltr'><strong>deest.</strong></span> 
     </span>
    </p>

    <p class='ocr_par' dir='ltr' id='par_1_6' title="bbox 233 2271 751 2360">
     <span class='ocr_line' id='line_1_17' title="bbox 233 2271 751 2360; baseline -0.01 -21"><span class='ocrx_word' id='word_1_86' title='bbox 233 2319 283 2330; x_wconf 91' lang='lat'><em>-</em></span> <span class='ocrx_word' id='word_1_87' title='bbox 329 2274 379 2354; x_wconf 83' lang='lat'><strong>17,</strong></span> <span class='ocrx_word' id='word_1_88' title='bbox 390 2276 478 2340; x_wconf 80' lang='lat' dir='ltr'><strong>iliius</strong></span> <span class='ocrx_word' id='word_1_89' title='bbox 487 2285 585 2360; x_wconf 68' lang='lat' dir='ltr'><strong>porte</strong></span> <span class='ocrx_word' id='word_1_90' title='bbox 634 2271 751 2336; x_wconf 66' lang='lat' dir='ltr'><strong>deam</strong></span> 
     </span>
    </p>

    <p class='ocr_par' dir='ltr' id='par_1_7' title="bbox 232 2394 1314 2611">
     <span class='ocr_line' id='line_1_18' title="bbox 232 2394 1252 2478; baseline -0.004 -15"><span class='ocrx_word' id='word_1_91' title='bbox 232 2440 284 2453; x_wconf 91' lang='lat'>—</span> <span class='ocrx_word' id='word_1_92' title='bbox 328 2404 378 2478; x_wconf 90' lang='grc'><strong>19,</strong></span> <span class='ocrx_word' id='word_1_93' title='bbox 393 2400 475 2463; x_wconf 68' lang='lat' dir='ltr'><strong>unire</strong></span> <span class='ocrx_word' id='word_1_94' title='bbox 488 2400 584 2463; x_wconf 80' lang='lat' dir='ltr'><strong>uoluit</strong></span> <span class='ocrx_word' id='word_1_95' title='bbox 635 2402 670 2458; x_wconf 92' lang='lat' dir='ltr'><strong>et</strong></span> <span class='ocrx_word' id='word_1_96' title='bbox 686 2395 831 2458; x_wconf 86' lang='lat' dir='ltr'><strong>festinus</strong></span> <span class='ocrx_word' id='word_1_97' title='bbox 848 2395 949 2457; x_wconf 86' lang='lat' dir='ltr'><strong>nimis</strong></span> <span class='ocrx_word' id='word_1_98' title='bbox 964 2395 1060 2459; x_wconf 83' lang='lat' dir='ltr'><strong>exire</strong></span> <span class='ocrx_word' id='word_1_99' title='bbox 1074 2394 1252 2459; x_wconf 88' lang='lat' dir='ltr'><strong>voluisset.</strong></span> 
     </span>
     <span class='ocr_line' id='line_1_19' title="bbox 232 2517 1314 2611; baseline -0.008 -23"><span class='ocrx_word' id='word_1_100' title='bbox 232 2568 282 2578; x_wconf 90' lang='lat'><em>-</em></span> <span class='ocrx_word' id='word_1_101' title='bbox 327 2527 378 2602; x_wconf 83' lang='lat'><strong>25,</strong></span> <span class='ocrx_word' id='word_1_102' title='bbox 392 2526 472 2611; x_wconf 61' lang='lat' dir='ltr'><strong>riqis</strong></span> <span class='ocrx_word' id='word_1_103' title='bbox 633 2518 725 2582; x_wconf 80' lang='lat' dir='ltr'><strong>addit</strong></span> <span class='ocrx_word' id='word_1_104' title='bbox 743 2518 867 2596; x_wconf 82' lang='lat' dir='ltr'><strong>Paris,</strong></span> <span class='ocrx_word' id='word_1_105' title='bbox 880 2517 991 2582; x_wconf 87' lang='lat' dir='ltr'><strong>fracta</strong></span> <span class='ocrx_word' id='word_1_106' title='bbox 1007 2536 1125 2582; x_wconf 82' lang='lat' dir='ltr'><strong>eorum</strong></span> <span class='ocrx_word' id='word_1_107' title='bbox 1143 2518 1314 2600; x_wconf 87' lang='lat' dir='ltr'><strong>superbia.</strong></span> 
     </span>
    </p>
   </div>
   <div class='ocr_carea' id='block_1_6' title="bbox 230 2643 722 2726">
    <p class='ocr_par' dir='ltr' id='par_1_8' title="bbox 230 2643 722 2726">
     <span class='ocr_line' id='line_1_20' title="bbox 230 2643 722 2726; baseline 0 -14"><span class='ocrx_word' id='word_1_108' title='bbox 230 2685 281 2698; x_wconf 94' lang='lat'><em>-</em></span> <span class='ocrx_word' id='word_1_109' title='bbox 326 2651 377 2726; x_wconf 90' lang='grc'><strong>26,</strong></span> <span class='ocrx_word' id='word_1_110' title='bbox 394 2659 495 2714; x_wconf 79' lang='lat' dir='ltr'><strong>tamen</strong></span> <span class='ocrx_word' id='word_1_111' title='bbox 632 2643 722 2706; x_wconf 64' lang='lat' dir='ltr'><strong>deest·</strong></span> 
     </span>
    </p>
   </div>
   <div class='ocr_carea' id='block_1_7' title="bbox 232 2764 1334 2929">
    <p class='ocr_par' dir='ltr' id='par_1_9' title="bbox 232 2764 1334 2929">
     <span class='ocr_line' id='line_1_21' title="bbox 232 2764 1334 2849; baseline 0.002 -25"><span class='ocrx_word' id='word_1_112' title='bbox 232 2813 283 2824; x_wconf 88' lang='lat'><strong>..</strong></span> <span class='ocrx_word' id='word_1_113' title='bbox 328 2769 379 2849; x_wconf 82' lang='lat'><strong>27,</strong></span> <span class='ocrx_word' id='word_1_114' title='bbox 395 2780 423 2836; x_wconf 78' lang='lat' dir='ltr'><strong>et</strong></span> <span class='ocrx_word' id='word_1_115' title='bbox 438 2771 545 2835; x_wconf 78' lang='lat' dir='ltr'><strong>earnis</strong></span> <span class='ocrx_word' id='word_1_116' title='bbox 633 2765 726 2829; x_wconf 84' lang='lat' dir='ltr'><strong>addit</strong></span> <span class='ocrx_word' id='word_1_117' title='bbox 754 2764 879 2841; x_wconf 83' lang='lat' dir='ltr'><strong>Paris,</strong></span> <span class='ocrx_word' id='word_1_118' title='bbox 910 2765 970 2847; x_wconf 91' lang='lat' dir='ltr'><strong>qui</strong></span> <span class='ocrx_word' id='word_1_119' title='bbox 1001 2784 1038 2828; x_wconf 91' lang='lat' dir='ltr'><strong>se</strong></span> <span class='ocrx_word' id='word_1_120' title='bbox 1069 2764 1267 2829; x_wconf 81' lang='lat' dir='ltr'><strong>manifestat</strong></span> <span class='ocrx_word' id='word_1_121' title='bbox 1298 2765 1334 2828; x_wconf 91' lang='lat' dir='ltr'><strong>in</strong></span> 
     </span>
     <span class='ocr_line' id='line_1_22' title="bbox 656 2864 1047 2929; baseline 0 -1"><span class='ocrx_word' id='word_1_122' title='bbox 656 2865 803 2929; x_wconf 86' lang='lat' dir='ltr'><strong>articulo</strong></span> <span class='ocrx_word' id='word_1_123' title='bbox 820 2864 1047 2928; x_wconf 75' lang='lat' dir='ltr'><strong>necessitatis,</strong></span> 
     </span>
    </p>
   </div>
   <div class='ocr_carea' id='block_1_8' title="bbox 233 2988 1334 3178">
    <p class='ocr_par' dir='ltr' id='par_1_10' title="bbox 233 2988 1334 3178">
     <span class='ocr_line' id='line_1_23' title="bbox 233 2988 1334 3071; baseline -0.006 -13"><span class='ocrx_word' id='word_1_124' title='bbox 233 3035 284 3046; x_wconf 92' lang='lat'><em>-</em></span> <span class='ocrx_word' id='word_1_125' title='bbox 329 2997 382 3071; x_wconf 89' lang='grc'><strong>28,</strong></span> <span class='ocrx_word' id='word_1_126' title='bbox 395 2994 548 3058; x_wconf 77' lang='lat' dir='ltr'><strong>evasisset.</strong></span> <span class='ocrx_word' id='word_1_127' title='bbox 559 3041 581 3056; x_wconf 90' lang='lat'><strong>..</strong></span> <span class='ocrx_word' id='word_1_128' title='bbox 634 2989 801 3052; x_wconf 88' lang='lat' dir='ltr'><strong>evasisset</strong></span> <span class='ocrx_word' id='word_1_129' title='bbox 818 2989 901 3070; x_wconf 91' lang='lat' dir='ltr'><strong>quin</strong></span> <span class='ocrx_word' id='word_1_130' title='bbox 916 3006 978 3069; x_wconf 83' lang='lat' dir='ltr'><strong>per</strong></span> <span class='ocrx_word' id='word_1_131' title='bbox 993 2988 1094 3068; x_wconf 82' lang='lat' dir='ltr'><strong>gulas</strong></span> <span class='ocrx_word' id='word_1_132' title='bbox 1112 2989 1264 3053; x_wconf 85' lang='lat' dir='ltr'><strong>universi</strong></span> <span class='ocrx_word' id='word_1_133' title='bbox 1278 3007 1334 3052; x_wconf 88' lang='lat' dir='ltr'><strong>ca-</strong></span> 
     </span>
     <span class='ocr_line' id='line_1_24' title="bbox 386 3086 1115 3178; baseline -0.011 -21"><span class='ocrx_word' id='word_1_134' title='bbox 386 3094 577 3178; x_wconf 43' lang='lat' dir='ltr'><strong>protruham,</strong></span> <span class='ocrx_word' id='word_1_135' title='bbox 655 3094 827 3170; x_wconf 77' lang='lat' dir='ltr'><strong>parentur.</strong></span> <span class='ocrx_word' id='word_1_136' title='bbox 881 3086 973 3165; x_wconf 90' lang='lat' dir='ltr'><strong>Quid</strong></span> <span class='ocrx_word' id='word_1_137' title='bbox 991 3086 1115 3169; x_wconf 78' lang='lat' dir='ltr'><strong>plurat</strong></span> 
     </span>
    </p>
   </div>
   <div class='ocr_carea' id='block_1_9' title="bbox 231 3208 1337 3390">
    <p class='ocr_par' dir='ltr' id='par_1_11' title="bbox 231 3208 1337 3390">
     <span class='ocr_line' id='line_1_25' title="bbox 231 3208 1337 3296; baseline -0.008 -16"><span class='ocrx_word' id='word_1_138' title='bbox 231 3257 282 3268; x_wconf 89' lang='lat'>—</span> <span class='ocrx_word' id='word_1_139' title='bbox 326 3219 380 3292; x_wconf 82' lang='lat'><strong>34,</strong></span> <span class='ocrx_word' id='word_1_140' title='bbox 396 3215 441 3278; x_wconf 80' lang='lat' dir='ltr'><strong>ibi</strong></span> <span class='ocrx_word' id='word_1_141' title='bbox 459 3264 465 3277; x_wconf 92' lang='lat'><strong>.</strong></span> <span class='ocrx_word' id='word_1_142' title='bbox 481 3262 489 3278; x_wconf 90' lang='lat'><strong>.</strong></span> <span class='ocrx_word' id='word_1_143' title='bbox 504 3264 511 3277; x_wconf 93' lang='lat'><em>.</em></span> <span class='ocrx_word' id='word_1_144' title='bbox 525 3264 533 3278; x_wconf 90' lang='lat'><strong>.</strong></span> <span class='ocrx_word' id='word_1_145' title='bbox 548 3216 583 3281; x_wconf 77' lang='lat' dir='ltr'><strong>iu</strong></span> <span class='ocrx_word' id='word_1_146' title='bbox 631 3230 698 3296; x_wconf 12' lang='lat' dir='ltr'>&#39;pro</span> <span class='ocrx_word' id='word_1_147' title='bbox 708 3210 877 3291; x_wconf 84' lang='lat' dir='ltr'><strong>pertinaci</strong></span> <span class='ocrx_word' id='word_1_148' title='bbox 894 3209 1056 3290; x_wconf 86' lang='lat' dir='ltr'><strong>superbia</strong></span> <span class='ocrx_word' id='word_1_149' title='bbox 1068 3228 1133 3271; x_wconf 88' lang='lat' dir='ltr'><strong>sua</strong></span> <span class='ocrx_word' id='word_1_150' title='bbox 1143 3208 1190 3271; x_wconf 93' lang='lat' dir='ltr'><strong>ibi</strong></span> <span class='ocrx_word' id='word_1_151' title='bbox 1203 3227 1337 3273; x_wconf 86' lang='lat' dir='ltr'><strong>reman-</strong></span> 
     </span>
     <span class='ocr_line' id='line_1_26' title="bbox 400 3307 1332 3390; baseline -0.013 -11"><span class='ocrx_word' id='word_1_152' title='bbox 400 3325 543 3380; x_wconf 77' lang='lat' dir='ltr'><strong>aeternum</strong></span> <span class='ocrx_word' id='word_1_153' title='bbox 657 3310 704 3372; x_wconf 89' lang='lat' dir='ltr'><strong>sit</strong></span> <span class='ocrx_word' id='word_1_154' title='bbox 720 3310 756 3372; x_wconf 91' lang='lat' dir='ltr'><strong>in</strong></span> <span class='ocrx_word' id='word_1_155' title='bbox 772 3307 975 3371; x_wconf 87' lang='lat' dir='ltr'><strong>hodiernum</strong></span> <span class='ocrx_word' id='word_1_156' title='bbox 992 3327 1103 3390; x_wconf 89' lang='lat' dir='ltr'><strong>usque</strong></span> <span class='ocrx_word' id='word_1_157' title='bbox 1117 3307 1218 3370; x_wconf 90' lang='lat' dir='ltr'><strong>diem.</strong></span> <span class='ocrx_word' id='word_1_158' title='bbox 1329 3343 1332 3348; x_wconf 92' lang='lat'>-</span> 
     </span>
    </p>
   </div>
   <div class='ocr_carea' id='block_1_10' title="bbox 232 3431 888 3639">
    <p class='ocr_par' dir='ltr' id='par_1_12' title="bbox 232 3431 888 3639">
     <span class='ocr_line' id='line_1_27' title="bbox 233 3431 831 3516; baseline -0.008 -15"><span class='ocrx_word' id='word_1_159' title='bbox 233 3441 287 3516; x_wconf 77' lang='lat'><strong>24,</strong></span> <span class='ocrx_word' id='word_1_160' title='bbox 349 3440 379 3515; x_wconf 90' lang='lat'><strong>6,</strong></span> <span class='ocrx_word' id='word_1_161' title='bbox 399 3439 570 3502; x_wconf 75' lang='lat' dir='ltr'><strong>Ohaiuedat</strong></span> <span class='ocrx_word' id='word_1_162' title='bbox 634 3431 831 3498; x_wconf 86' lang='lat' dir='ltr'><strong>Cheinduit.</strong></span> 
     </span>
     <span class='ocr_line' id='line_1_28' title="bbox 232 3555 888 3639; baseline -0.006 -18"><span class='ocrx_word' id='word_1_163' title='bbox 232 3599 283 3610; x_wconf 89' lang='lat'><strong>—</strong></span> <span class='ocrx_word' id='word_1_164' title='bbox 348 3561 379 3633; x_wconf 88' lang='lat'><strong>8,</strong></span> <span class='ocrx_word' id='word_1_165' title='bbox 395 3558 520 3622; x_wconf 74' lang='lat' dir='ltr'><strong>trecenti</strong></span> <span class='ocrx_word' id='word_1_166' title='bbox 633 3555 888 3639; x_wconf 82' lang='lat' dir='ltr'><strong>quadringenti.</strong></span> 
     </span>
    </p>
   </div>
   <div class='ocr_carea' id='block_1_11' title="bbox 231 3655 985 3754">
    <p class='ocr_par' dir='ltr' id='par_1_13' title="bbox 231 3655 985 3754">
     <span class='ocr_line' id='line_1_29' title="bbox 231 3655 985 3754; baseline 0 -13"><span class='ocrx_word' id='word_1_167' title='bbox 231 3719 282 3730; x_wconf 92' lang='lat'><em>-</em></span> <span class='ocrx_word' id='word_1_168' title='bbox 328 3679 584 3754; x_wconf 58' lang='lat' dir='ltr'><strong>lausdunum</strong></span> <span class='ocrx_word' id='word_1_169' title='bbox 635 3679 919 3744; x_wconf 85' lang='lat' dir='ltr'><strong>Crokesdensem.</strong></span> <span class='ocrx_word' id='word_1_170' title='bbox 980 3655 985 3667; x_wconf 51' lang='lat'><strong><em>¹</em></strong></span> 
     </span>
    </p>
   </div>
   <div class='ocr_carea' id='block_1_12' title="bbox 231 3804 863 4262">
    <p class='ocr_par' dir='ltr' id='par_1_14' title="bbox 231 3804 863 4262">
     <span class='ocr_line' id='line_1_30' title="bbox 231 3804 749 3886; baseline 0.008 -23"><span class='ocrx_word' id='word_1_171' title='bbox 231 3838 282 3848; x_wconf 91' lang='lat'><em>-</em></span> <span class='ocrx_word' id='word_1_172' title='bbox 327 3804 378 3878; x_wconf 85' lang='lat'><strong>15,</strong></span> <span class='ocrx_word' id='word_1_173' title='bbox 388 3812 540 3886; x_wconf 71' lang='lat' dir='ltr'><strong>praterea</strong></span> <span class='ocrx_word' id='word_1_174' title='bbox 634 3805 749 3867; x_wconf 89' lang='lat' dir='ltr'><strong>etiam.</strong></span> 
     </span>
     <span class='ocr_line' id='line_1_31' title="bbox 232 3927 835 4003; baseline 0 -13"><span class='ocrx_word' id='word_1_175' title='bbox 232 3968 282 3979; x_wconf 92' lang='lat'><strong>—</strong></span> <span class='ocrx_word' id='word_1_176' title='bbox 327 3927 549 4003; x_wconf 68' lang='lat' dir='ltr'><strong>adamarus</strong></span> <span class='ocrx_word' id='word_1_177' title='bbox 635 3927 835 3991; x_wconf 86' lang='lat' dir='ltr'><strong>almariolis.</strong></span> 
     </span>
     <span class='ocr_line' id='line_1_32' title="bbox 231 4049 774 4128; baseline 0 -15"><span class='ocrx_word' id='word_1_178' title='bbox 231 4085 283 4098; x_wconf 90' lang='lat'><em>-</em></span> <span class='ocrx_word' id='word_1_179' title='bbox 327 4053 378 4128; x_wconf 89' lang='grc'><strong>32,</strong></span> <span class='ocrx_word' id='word_1_180' title='bbox 394 4052 491 4114; x_wconf 79' lang='lat' dir='ltr'><strong>omnis</strong></span> <span class='ocrx_word' id='word_1_181' title='bbox 634 4049 774 4114; x_wconf 89' lang='lat' dir='ltr'><strong>diversi.</strong></span> 
     </span>
     <span class='ocr_line' id='line_1_33' title="bbox 232 4172 863 4262; baseline 0 -27"><span class='ocrx_word' id='word_1_182' title='bbox 232 4175 284 4250; x_wconf 87' lang='grc'><strong>25,</strong></span> <span class='ocrx_word' id='word_1_183' title='bbox 345 4174 373 4250; x_wconf 90' lang='grc'><strong>6,</strong></span> <span class='ocrx_word' id='word_1_184' title='bbox 389 4173 514 4262; x_wconf 60' lang='lat' dir='ltr'><strong>Anulis</strong></span> <span class='ocrx_word' id='word_1_185' title='bbox 635 4173 758 4239; x_wconf 82' lang='lat' dir='ltr'><strong>vasalli</strong></span> <span class='ocrx_word' id='word_1_186' title='bbox 775 4172 863 4257; x_wconf 89' lang='lat' dir='ltr'><strong>ejus.</strong></span> 
     </span>
    </p>
   </div>
   <div class='ocr_carea' id='block_1_13' title="bbox 0 0 1580 4992">
    <p class='ocr_par' dir='ltr' id='par_1_15' title="bbox 0 0 1580 4992">
     <span class='ocr_line' id='line_1_34' title="bbox 0 0 1580 4992; baseline 0 0"><span class='ocrx_word' id='word_1_187' title='bbox 0 0 1580 4992; x_wconf 95' lang='lat' dir='ltr'><strong> </strong></span> 
     </span>
    </p>
   </div>
  </div>
 </body>
</html>
