3150 4992
605 451 805 500 nncmouns
829 450 960 498 vnum.
1266 434 1332 500 283

279 635 369 698 unde
391 653 483 717 papa
507 635 720 716 perpendens
752 639 869 696 notam
897 631 1051 698 simonioe
1067 642 1112 704 tet
1133 633 1330 698 ambitionis

280 734 369 798 dixit
384 735 419 796 in
437 734 538 797 corde
554 753 618 798 suo
634 733 720 796 illud
736 731 958 808 Ovidianum‚

533 882 594 940 ‘Et
608 882 706 940 stricto
720 881 860 958 supplicat
875 899 941 938 ense
955 879 1074 958 potens!

281 1034 382 1098 Unde
397 1054 458 1099 cor
471 1035 601 1098 domini
618 1053 719 1116 papae
736 1054 807 1098 non
825 1042 900 1099 erat
915 1036 1000 1098 bene
1016 1053 1094 1097 eum
1110 1053 1161 1096 eo.
1277 1109 1279 1112 .

240 1182 297 1219 Pae.
321 1182 372 1220 HN·

231 1258 307 1336 267,
325 1262 378 1336 22,
394 1259 532 1323 ereditur
631 1259 714 1340 quia
735 1260 876 1324 carebat
891 1259 1160 1342 dispensatione,
1184 1256 1334 1320 creditur

402 1357 581 1442 currebatur
653 1360 881 1440 reprobatus3
908 1360 990 1422 licet
1017 1358 1203 1438 allegatum
1230 1355 1333 1418 suerit

611 1461 614 1465 ’
653 1465 786 1534 contra,
821 1457 913 1539 quod
950 1476 991 1520 ee
1020 1456 1223 1539 possederat
1252 1461 1333 1517 ante

652 1544 848 1619 concilium.

229 1721 280 1734 --
325 1681 377 1755 24,
394 1677 526 1742 viduata
631 1677 723 1742 addit
733 1678 859 1754 Paris,
876 1676 997 1741 similis
1012 1676 1106 1741 sacta
1121 1676 1216 1740 Sarae
1231 1679 1334 1741 uxori

652 1777 775 1842 Tobiae
800 1785 835 1840 et
857 1775 937 1842 filiae
964 1775 1144 1856 RagueliS,
1173 1784 1225 1840 tot
1249 1777 1332 1840 viris

651 1875 813 1945 viduatae.

228 2037 281 2047 —
325 1996 572 2076 fflmoaoaiemn
627 1999 720 2063 addit
742 2000 865 2077 Paris,
881 2001 993 2064 virum
1015 1999 1169 2064 honestae
1189 2020 1330 2064 conver-

652 2098 795 2162 sationis
813 2107 849 2163 et
865 2101 951 2162 bene
967 2100 1153 2162 literatum.

231 2224 306 2297 268,
324 2225 376 2298 23,
393 2223 481 2286 tertio
602 2193 605 2197 Ι
631 2223 781 2288 secundo
800 2231 834 2287 et
850 2223 963 2288 tertio.

229 2390 280 2399 —
325 2350 378 2422 25,
394 2347 523 2431 quidem
547 2380 550 2384 ·
631 2346 782 2428 quidam,
801 2345 976 2409 Robertus
993 2345 1126 2409 Bacun.

230 2513 279 2522 -
324 2471 376 2547 32,
393 2471 460 2555 φερέ
631 2469 719 2533 deest

230 2631 281 2638 -
324 2629 368 2639 —
391 2593 578 2676 cipaificaoit
632 2612 694 2656 rex
723 2591 976 2674 aliquantulum
1007 2592 1042 2653 in
1075 2592 1190 2673 seipso
1216 2611 1253 2655 se
1280 2613 1334 2656 re-

654 2691 821 2772 colligens
836 2711 896 2754 eor
913 2709 1014 2753 suum
1038 2691 1162 2755 rationi
1189 2692 1333 2755 inclina·

654 2790 718 2867 vit,
735 2798 781 2867 et,
792 2809 869 2857 cum
885 2791 935 2854 sie
949 2789 1080 2854 videret
1096 2810 1174 2854 eum
1192 2791 1332 2872 mitiga·

656 2897 741 2964 tum,
760 2888 900 2969 quidam
917 2888 1061 2952 clericus
1086 2889 1252 2965 decuria,
1270 2891 1336 2953 sci-

654 2987 735 3076 licet
761 2986 922 3070 Rogerus
947 2986 1079 3063 Bacun,
1099 2987 1273 3077 jocundus
1299 2989 1335 3050 in

655 3072 824 3160 sermone,
844 3083 994 3166 jocunde
1018 3103 1059 3148 ac
1075 3085 1199 3167 lepide,
1217 3087 1335 3167 cynice

658 3191 772 3258 tamen
797 3182 1060 3265 reprehendens,
1087 3185 1148 3259 ait,
1164 3185 1334 3248 ‘Domine

655 3284 702 3344 mi
721 3288 795 3357 rex,
816 3281 897 3362 quid
923 3281 1001 3362 plus
1020 3289 1121 3345 nocet
1146 3289 1242 3346 trans
1267 3283 1335 3346 sre-

656 3388 729 3444 tum
762 3381 1018 3461 navigantibus
1051 3387 1112 3443 aut
1143 3381 1225 3462 quid
1254 3382 1332 3463 plus

656 3485 762 3541 terret
771 3480 799 3542 l'
849 3477 900 3541 At
922 3497 996 3554 rex,
1018 3478 1227 3542 ‘Noverunt
1250 3479 1335 3544 faci·

656 3584 753 3640 entes
775 3578 993 3659 operationes
1016 3578 1052 3640 in
1072 3579 1170 3659 aquis
1194 3579 1335 3646 multis!

656 3675 707 3739 At
722 3677 886 3754 clericus3
915 3681 925 3708 ‘
941 3677 1102 3753 Domine,
1116 3677 1227 3741 dicam
1240 3698 1248 3756 3
1276 3698 1335 3760 pe·

658 3782 721 3838 trae
737 3783 771 3838 et
787 3793 890 3857 rupes
902 3775 922 3852 ;’
949 3794 990 3840 ac
1006 3775 1068 3857 [si]
1085 3775 1257 3840 diceretur
1271 3777 1334 3841 Pe

659 3882 732 3937 trus
754 3874 798 3937 de
819 3873 989 3955 Rupibus
1044 3872 1124 3937 Hoc
1146 3874 1237 3937 euim
1261 3883 1336 3939 erat

657 3992 781 4036 nomen
811 3971 963 4054 episcopi
985 3972 1236 4036 Wintoniensis
1259 3992 1335 4037 cum

657 4071 720 4134 tali
739 4078 978 4152 cognomento.
1023 4070 1239 4152 Significavit
1254 4093 1337 4154 ergo

657 4188 730 4233 rex.
