3150 4992
575 485 777 536 nncrrouns
804 489 939 538 vanrn.
1247 475 1313 540 317

234 683 238 688 “
251 691 313 736 nes
330 671 373 735 de
389 669 424 733 S.
435 668 575 733 Albano
591 670 770 746 oriundus,
787 670 973 753 aliqnando
989 671 1140 737 decanus
1154 673 1308 737 ecclesiae

252 771 289 835 S.
305 769 479 848 Quintini,
502 775 625 851 postea
646 769 882 834 thesaurarius
903 770 1057 836 eeclesiae
1072 772 1307 837 Sarisburien·

252 871 314 946 sis,
330 875 366 933 et
383 868 443 932 alii
461 868 526 932 viri
541 868 681 932 discreti
697 888 739 932 ac
754 870 877 932 sancti.

214 993 273 1030 ΡΑΘ.
301 992 355 1029 HN·

206 1056 280 1130 331,
298 1055 351 1128 18,
359 1059 506 1137 portaret
606 1051 756 1116 veheret.

207 1179 282 1252 332,
320 1177 353 1248 2,
369 1172 458 1236 aerei
605 1176 699 1240 addit
716 1175 842 1253 Paris,
858 1195 936 1240 cum
954 1177 1189 1259 compagibus

205 1341 256 1352 -
323 1293 354 1371 7,
363 1303 542 1380 potestatem
606 1299 700 1363 adde
717 1298 843 1376 Paris,

623 1421 744 1486 Forma
757 1407 910 1486 emtionis
926 1419 1045 1485 abbatis
1061 1422 1163 1486 saneti
1177 1422 1299 1488 Albani

792 1520 838 1584 ad
846 1541 970 1606 papum
985 1521 1132 1586 mittitur.

661 1642 748 1707 Cum
766 1643 841 1706 haec
859 1662 937 1706 eum
952 1649 1107 1726 tempore
1130 1643 1311 1710 evolvente

631 1743 859 1819 elaberentur,
891 1743 1003 1806 nuntii
1037 1743 1139 1807 electi
1169 1749 1204 1806 et
1225 1763 1312 1810 ,eon-

632 1849 757 1906 ventus
770 1840 925 1905 eeclesiae
946 1841 1059 1906 saneti
1080 1839 1221 1918 Albani,
1245 1842 1313 1907 duo

632 1937 806 2016 monaehi,
842 1938 975 2002 seilicet
1009 1940 1177 2021 magister
1208 1940 1313 2022 Regi-

633 2038 758 2101 naldus
781 2036 953 2120 Physicus
975 2044 1011 2104 et
1024 2037 1182 2102 dominns
1207 2038 1315 2114 Nico-¹

632 2137 710 2201 lans
727 2137 769 2201 de
786 2143 908 2200 sancto
924 2134 1073 2214 Albano,
1096 2139 1197 2202 ambo
1219 2157 1317 2222 pres-

633 2236 758 2319 byteri,
773 2235 840 2300 viri
859 2236 1046 2317 prudentes
1069 2243 1105 2301 et
1121 2237 1316 2319 compositi,

634 2354 713 2398 cnm
743 2334 816 2397 suis
843 2333 986 2409 clericis
1013 2329 1197 2416 ¹megistro
1229 2334 1317 2400 Gal·

635 2433 724 2497 frido
741 2434 784 2497 de
802 2432 991 2515 Langeleia
1012 2438 1047 2496 et
1063 2433 1222 2498 Galfrido
1246 2435 1315 2498 Fo-

635 2533 729 2596 cario
755 2532 939 2608 serviente,
971 2542 1007 2596 et
1035 2532 1124 2608 aliis,
1150 2532 1316 2598 habentes

635 2631 755 2695 literas
768 2637 958 2695 conventus
970 2633 1238 2713 procuratorias,
1248 2633 1315 2696 iter

638 2730 857 2812 arripuerunt
881 2748 1002 2795 versus
1030 2730 1160 2794 curiam
1189 2731 1317 2795 Roma-

638 2848 718 2891 nam
748 2830 790 2890 in·
819 2829 951 2892 oetavis
995 2828 1153 2907 Paschae,
1188 2830 1320 2895 scilicet

637 2926 771 2988 decimo
786 2927 935 3008 septimo
950 2927 1112 2990 calendas
1128 2928 1228 3003 Maii,
1244 2937 1321 3010 pre-

639 3025 735 3087 cibus
752 3025 903 3086 omnium
916 3023 1063 3087 fratrum
1077 3026 1319 3090 commendati.

640 3122 709 3185 Hae
741 3128 856 3185 autem
890 3123 1031 3186 fuerunt
1060 3125 1319 3206 procurationes

639 3238 725 3302 quas
742 3239 859 3290 secum
877 3220 1097 3301 detulerunt3
1121 3223 1318 3287 ‘Reveren-

637 3319 778 3383 dissimo
797 3320 935 3384 domino
961 3326 997 3382 et
1015 3320 1107 3401 patri
1127 3322 1163 3384 in
1181 3320 1320 3386 Christo

639 3417 817 3482 carissimo
829 3417 1013 3499 Gregorio,
1022 3419 1090 3483 Dei
1103 3421 1217 3501 gratia
1231 3439 1321 3483 sum·

639 3535 695 3580 mo
710 3516 877 3598 pontifici,
891 3516 1008 3580 devoti
1026 3517 1087 3580 filii
1100 3519 1167 3594 sui,
1180 3519 1274 3601 prior
1287 3526 1322 3583 et

639 3622 829 3678 conventus
845 3617 956 3679 sancti
972 3614 1113 3694 Albani,
1131 3623 1204 3681 tam
1216 3617 1323 3682 devo·

640 3721 711 3777 tam
728 3733 832 3795 quam
849 3714 1000 3779 debitam
1018 3735 1095 3779 cum
1117 3717 1243 3797 pedum
1265 3736 1322 3780 os-

607 3806 610 3809 ’
639 3812 718 3876 culo
738 3815 975 3877 reverentiam.
1030 3813 1177 3878 Noverit
1197 3815 1323 3879 saneti·

641 3917 696 3974 tas
713 3917 842 3987 vestra,
858 3912 950 3993 quod
968 3930 1031 3974 nos
1048 3911 1172 3975 fratres
1187 3920 1323 3976 nostros

641 4014 676 4071 et
699 4009 885 4073 monachos
908 4009 1140 4090 Reginaldum
1162 4017 1199 4074 et
1219 4010 1324 4075 Nico·

641 4107 882 4185 lanm,latores
894 4110 1126 4190 praesentium,
1134 4109 1325 4175 cumliteuis

526 4254 535 4288 ¹
546 4256 688 4317 Magistro.
699 4262 758 4306 ..et
769 4253 851 4324 aliia]
870 4258 966 4307 Desunt
976 4274 991 4306 a
1005 4259 1034 4308 0.
