3150 4992
594 496 796 544 nrcrronns
823 497 957 546 vania.
1259 481 1326 547 307

268 683 387 765 igitur,
415 679 497 742 dum
525 677 592 741 iter
622 683 758 757 ageret,
778 677 918 740 obvium
946 675 1069 741 habuit
1094 695 1200 740 unum
1224 697 1321 762 pres-

268 785 426 866 byterum
452 777 639 841 attonitum
661 782 697 840 et
721 782 927 853 currentem,
948 774 1106 839 indutum
1129 777 1221 854 alba,
1247 784 1321 841 sto-

268 882 337 945 lam
367 878 550 941 habentem
586 881 622 937 et
655 873 882 956 manipulum,
923 882 958 939 et
996 894 1131 938 crucem
1159 857 1329 956 magnam*

269 1000 348 1044 cum
367 975 533 1041 crucifixo
554 974 590 1037 in
613 972 755 1036 humero
777 972 1001 1055 bajulantem.
1054 973 1100 1037 Et
1117 974 1207 1039 dixit
1222 993 1319 1056 pres-

268 1081 368 1161 byter
383 1095 468 1140 voce
490 1074 643 1137 clamans
661 1072 911 1154 lachrymabili,
929 1072 1111 1150 ‘Domina
1135 1074 1243 1137 libera
1265 1080 1327 1136 ec-'

268 1178 407 1242 clesiam
426 1192 551 1248 meam,
571 1172 627 1235 cui
652 1170 822 1248 deservio,
844 1190 865 1233 a
887 1170 1063 1253 ruptariis,
1085 1171 1145 1253 qui
1170 1173 1319 1254 patriam

267 1279 371 1341 istam
412 1271 662 1354 depopulantes
702 1289 778 1333 eam
818 1270 916 1334 bonis
955 1272 1112 1334 omnibus
1150 1272 1319 1353 spoliave—

268 1375 374 1439 runt.’
425 1372 471 1435 Et
486 1369 672 1452 respiciens
695 1368 877 1432 Hubertus
902 1368 990 1433 vidit
1014 1370 1198 1451 imaginem
1223 1370 1318 1432 illam

266 1476 302 1539 in
325 1492 426 1537 cruce
451 1469 657 1553 pendentem
680 1487 743 1550 per
766 1468 880 1531 omnia
903 1469 1114 1532 consimilem
1137 1468 1189 1532 illi
1215 1487 1319 1550 qnam

268 1574 356 1640 vidit
371 1578 473 1635 nocte
493 1569 682 1650 praeterita,
705 1574 741 1630 et
757 1567 967 1631 descendens
987 1568 1029 1630 de
1051 1587 1140 1650 equo
1161 1567 1319 1632 adoravit

268 1692 365 1753 eam3
389 1676 425 1734 et
441 1668 573 1742 statim,
590 1667 677 1729 duce
697 1667 900 1748 presbytero
917 1666 1048 1742 eodem,
1070 1667 1217 1748 patriam
1234 1667 1320 1730 libe-

268 1772 372 1848 ravit,
389 1767 543 1832 ecclesiae
561 1765 720 1847 spoliatae
735 1766 827 1828 bona
837 1773 963 1828 cuncta
978 1766 1204 1830 restituendo.
1241 1764 1318 1829 Hu-

262 1873 322 1957 jus
338 1889 421 1950 ergo
431 1866 574 1931 visionis
588 1864 771 1927 recordans
789 1883 903 1928 comes
916 1864 1050 1928 Cantiae
1065 1864 1246 1928 Hubertus
1260 1863 1320 1926 de·

268 1972 319 2035 dit
335 1968 472 2034 landem
490 1965 567 2028 Deo
586 1971 621 2027 et
636 1962 796 2044 gloriam,
818 1963 892 2042 regi
915 1969 949 2026 et
966 1964 1071 2045 regiis
1094 1963 1212 2026 amicis
1236 1962 1319 2025 fide-

268 2072 358 2135 libus
383 2063 636 2138 reconciliatus,
663 2069 698 2125 et
726 2081 750 2124 a
772 2061 889 2124 multis
917 2063 1086 2143 pressuris
1113 2053 1148 2125 e't
1175 2061 1320 2125 tribula-

267 2169 419 2234 tionibus
435 2165 600 2228 liberatus
616 2181 625 2239 3
652 2159 744 2243 qnod
760 2160 826 2224 soli
843 2161 931 2237 Deo,
956 2168 991 2224 et
1008 2181 1076 2224 non
1095 2160 1237 2236 homini,
1255 2160 1318 2222 ad·

224 2284 227 2287 ·
267 2268 404 2349 scripsit
417 2259 623 2329 venerabilis
640 2279 755 2323 comes
774 2259 955 2323 Hubertns
972 2267 1194 2324 memoratus.
1236 2258 1318 2321 Rex

267 2374 383 2432 autem
397 2364 439 2428 ad
458 2367 607 2425 mentem
623 2378 793 2436 reversus,
806 2366 840 2423 et
853 2358 1022 2423 consimili
1038 2359 1177 2440 pietatis
1194 2356 1319 2420 ductus

267 2466 403 2550 spiritu,
411 2461 626 2526 Gilebertum
632 2459 759 2522 Basset
767 2459 876 2522 virum
887 2458 1045 2536 nobilem,
1058 2465 1091 2522 et
1104 2455 1318 2522 Richardum

268 2564 388 2630 Sward
404 2562 548 2625 militem
565 2565 755 2622 strenuum.

224 2680 282 2743 rao.
304 2705 358 2742 arn.

217 2761 566 2851 31⁰,13‚qa0s..red
614 2759 650 2821 in
684 2757 833 2839 gratiam
866 2776 964 2820 suam
1001 2757 1138 2838 plenam
1177 2760 1213 2818 et
1247 2774 1316 2818 non

381 2864 466 2928 didit
478 2863 522 2927 eis
637 2857 752 2919 fictam
782 2857 972 2930 revocavit,
1000 2862 1035 2918 et
1063 2855 1174 2918 eisin
1200 2854 1318 2918 osculo

636 2955 733 3038 pacis
748 2954 897 3036 receptis
915 2952 1076 3016 reddidit.

214 3129 265 3141 .-
310 3089 362 3164 21,
378 3105 447 3149 onan
614 3076 858 3160 intercessione
875 3081 922 3138 et.

216 3253 267 3264 ..
312 3213 364 3285 25,
381 3208 509 3272 damas
614 3200 733 3262 cinxit.

213 3371 265 3381 -
309 3335 362 3409 26,
377 3332 545 3395 cariam
613 3323 707 3386 addit
724 3321 957 3402 Paris.,sicnt
974 3319 1079 3383 moris
1097 3325 1162 3396 est,
1179 3325 1226 3384 et.
1260 3374 1261 3378 ,

215 3459 290 3532 311,
329 3459 358 3532 3,
370 3455 462 3539 pkne
614 3445 763 3509 demum.
888 3521 890 3525 ι

213 3600 264 3633 -’
331 3583 360 3655 5,
376 3577 513 3641 talenta
615 3567 740 3630 habere
755 3565 954 3630 sentientes.
1271 3639 1273 3641 Ι
1309 3634 1316 3644 .

214 3743 265 3755 —
330 3704 364 3776 9,
379 3699 528 3764 iaoodom
616 3691 671 3774 By
686 3689 746 3754 the
762 3687 835 3751 side
858 3687 898 3750 of
914 3685 983 3772 this
1005 3685 1072 3748 and
1094 3683 1153 3748 the
1173 3690 1243 3748 two
1258 3684 1320 3759 lol3

636 3790 765 3870 lowing
784 3786 945 3868 chapters
966 3784 1026 3848 the
1043 3783 1139 3848 word
1156 3788 1166 3817 ‘
1181 3783 1320 3847 offendi-

636 3887 763 3951 culum’
781 3887 811 3948 is
829 3885 933 3968 again
951 3884 1088 3947 written
1102 3882 1139 3944 in
1153 3882 1211 3944 red
1228 3881 1302 3944 ink.

213 4063 264 4075 -—
309 4024 361 4099 11,
377 4017 564 4083 Bielordi..
616 4010 793 4076 Richardo
810 4007 927 4071 comiti
944 4010 1153 4088 praeparata.

380 4115 566 4181 Maresoalli

213 4245 291 4318 312,
330 4245 362 4319 8,
372 4260 528 4326 procare-
615 4249 818 4314 procurasse
836 4227 1053 4295 videbantur.
1136 4229 1140 4234 '
1208 4234 1212 4240 ·
1266 4275 1312 4285 .,

380 4345 488 4402 aeram
1123 4356 1173 4399 Η
