3150 4992
591 471 793 521 nncrrouns
816 472 952 522 vrnrrn
1255 455 1324 520 297

219 655 286 721 fuit
303 653 533 739 perturbatio;
555 652 715 718 dominus
733 654 825 718 enim
841 663 935 737 papa
952 654 1167 719 occasionem
1185 673 1325 719 sumens

220 777 243 820 a
263 756 431 838 praedicta
455 754 673 836 imperatoris
697 754 949 837 persecutione,
974 762 1236 836 argumentosas
1264 775 1326 818 ex-

221 856 403 931 torsiones,
432 853 605 937 praecipue
631 855 667 916 in
697 851 840 935 Anglia,
868 855 1072 935 excogitans
1103 862 1138 918 et
1163 854 1327 937 multipli-

220 974 316 1032 cans,
332 954 468 1036 legatos
488 954 553 1015 suh
576 954 690 1035 specie
711 953 917 1036 simplicium
940 955 1150 1030 nuntiorum,
1173 961 1327 1036 potesta-

221 1063 290 1119 tem
309 1062 426 1120 tamen
452 1052 618 1116 habentes
637 1053 844 1134 legatorum,
869 1051 1020 1135 undique
1042 1053 1241 1130 destinavit,
1267 1055 1327 1136 qui

221 1154 443 1218 multifariam
460 1160 651 1234 exegerunt
667 1153 862 1235 pecuniam,
877 1172 968 1215 nunc
984 1152 1217 1234 praedicando,
1235 1173 1326 1218 nunc

222 1253 463 1336 supplicando,
487 1271 578 1316 nunc
598 1252 842 1335 praecipiendo,
859 1271 950 1315 nnnc
966 1252 1219 1330 comminando,
1235 1272 1327 1317 nunc

224 1350 566 1427 excommunicando,
584 1370 675 1415 nunc
693 1352 952 1433 procurationes
970 1351 1152 1433 exigendo,
1169 1371 1231 1434 per
1248 1372 1327 1434 reg·

224 1473 305 1516 num
329 1451 468 1534 Angliae
481 1450 635 1514 infinitos
654 1459 810 1514 extorres
833 1450 1054 1515 reddiderunt
1075 1458 1111 1514 et
1133 1451 1329 1516 mendican-

224 1561 298 1631 tes;
325 1559 360 1616 et
383 1558 423 1614 ut
451 1548 621 1614 efficacius
645 1550 827 1613 thesauros
854 1551 1006 1614 omnium
1031 1558 1266 1632 emungerent,
1292 1559 1328 1616 et

223 1652 402 1737 pecuniam
420 1651 520 1732 quasi
535 1649 579 1713 ad
596 1669 797 1713 succursum
811 1649 929 1714 Terrae
944 1657 1075 1714 sanctae
1088 1649 1239 1734 undique
1257 1651 1328 1715 col·

223 1753 383 1833 ligerent,
403 1749 502 1834 cujus
523 1756 638 1814 tamen
658 1750 814 1833 pecuniae
835 1749 946 1813 voluit
965 1768 1059 1826 snos,
1081 1768 1168 1832 quos
1196 1750 1240 1813 ad
1263 1751 1327 1815 hoc

223 1852 410 1926 ordinaret,
438 1869 514 1912 esse
538 1848 739 1912 collectores
768 1858 804 1912 et
830 1848 1098 1931 dispensatores,
1122 1869 1185 1913 nec
1212 1858 1327 1913 tamen

222 1952 303 2017 inde
330 1968 482 2032 unquam
505 1949 615 2013 sensit
640 1948 785 2012 ecclesia
810 1949 1074 2029 promotionem,
1101 1949 1240 2031 scripsit
1266 1949 1328 2012 do-

223 2053 337 2115 minus
360 2069 453 2133 papa
474 2048 632 2112 omnibus
650 2046 781 2112 Christi
805 2046 963 2112 fidelibus
982 2048 1016 2111 in
1043 2047 1118 2111 haec
1131 2049 1238 2112 verba
1259 2048 1328 2111 ele-

224 2150 441 2233 gantissima,
484 2167 562 2231 quae
600 2148 706 2211 corda
742 2146 919 2210 hominum
956 2145 1094 2228 lapidea
1129 2147 1327 2211 viderentur

225 2256 420 2334 penetrare,
441 2248 508 2311 nisi
534 2246 628 2311 sacta
645 2245 834 2310 humilitati
858 2265 899 2310 ac
921 2245 1071 2330 justitiae
1097 2246 1174 2310 luce
1199 2247 1326 2312 clarius

225 2349 448 2416 adversantia
461 2354 696 2430 sequerentur.

407 2513 553 2600 Epistola
573 2512 716 2599 Gregorii
724 2535 821 2599 papa
835 2511 872 2576 de
888 2511 1004 2598 negotio
1021 2512 1134 2578 crocis.

206 2724 210 2731 ,
276 2647 489 2729 ‘Gregorius
506 2646 701 2728 episcopus,
719 2665 841 2709 servus
861 2664 1037 2709 servorum
1057 2645 1137 2721 Dei,
1155 2644 1327 2710 universis

224 2749 354 2813 domini
381 2746 489 2810 nostri
507 2745 530 2809 J
533 2764 595 2808 esu
612 2745 741 2809 Christi
764 2744 923 2808 fidelihus
945 2763 1007 2828 per
1029 2764 1172 2826 regnum
1188 2743 1325 2826 Angliae

224 2848 434 2922 constitutis,
454 2845 496 2909 ad
519 2863 606 2928 quos
630 2845 741 2908 literae
765 2846 843 2908 istae
868 2845 1096 2925 pervenerint,
1121 2844 1266 2907 salutem
1290 2851 1327 2908 et

225 2947 450 3030 apostolicam
484 2942 768 3007 benedictionem.
834 2941 967 3006 Rachel
1001 2961 1100 3006 suum
1134 2942 1254 3007 videns
1290 2944 1328 3006 in

225 3066 318 3112 verae
333 3046 413 3109 fidei
427 3044 622 3125 cognitione
648 3042 854 3126 principium
880 3042 1149 3104 accrescentium
1174 3042 1211 3103 in
1232 3041 1326 3104 salu·

226 3157 308 3222 tem,
341 3155 376 3209 et
410 3143 559 3206 filiorum
592 3142 746 3207 dexterae
782 3140 841 3224 pia
874 3146 985 3203 mater
1011 3147 1135 3203 sancta
1166 3139 1327 3206 Romana

227 3245 383 3321 ecclesia,
412 3243 513 3327 cujus
546 3260 673 3322 magna
703 3249 757 3304 est
786 3239 885 3322 quasi
915 3257 1009 3301 mare
1041 3238 1084 3301 de
1115 3257 1190 3302 suae
1219 3239 1327 3321 prolis

227 3343 459 3408 internecione
490 3342 664 3417 contritio,
694 3359 812 3404 vocem
844 3336 1113 3414 lamentationis,
1144 3337 1258 3413 fletus,
1289 3346 1325 3404 et

227 3446 341 3508 luctus
361 3441 475 3504 emisit
495 3441 662 3503 hactenus
686 3447 721 3503 et
741 3439 880 3514 emittit,
904 3457 1007 3520 quam
1032 3437 1144 3501 audiri
1167 3437 1326 3519 cupimus

226 3545 263 3607 in
279 3541 429 3617 excelso,
446 3547 486 3603 ut
501 3559 562 3622 per
587 3539 678 3602 diem
702 3545 737 3600 et
754 3544 888 3601 noctem
913 3535 1064 3600 fidelium
1086 3537 1177 3601 oculi
1198 3536 1329 3601 doloris,

228 3642 439 3724 lachrymam
462 3639 669 3702 deducentes
691 3657 759 3700 non
779 3643 931 3714 taceant,
948 3644 984 3700 et
999 3636 1109 3700 donec
1124 3637 1328 3700 misereatur

228 3743 399 3806 Dominus
417 3758 485 3806 non
507 3738 697 3820 quiescant.
749 3736 978 3800 Lamentatur
1003 3743 1132 3812 autem,
1156 3737 1239 3817 quia
1264 3735 1326 3799 do-

227 3861 304 3905 mus
326 3838 475 3903 caelestis
497 3838 610 3921 panis,
635 3855 734 3900 mons
763 3835 870 3919 Syon,
896 3835 987 3898 unde
1006 3835 1064 3898 lex
1085 3834 1181 3908 exiit,
1203 3834 1327 3898 civitas

228 3940 338 4021 Regis
366 3937 493 4018 magni,
523 3936 566 3999 de
587 3954 657 4018 qua
681 3935 775 3998 dicta
805 3943 841 3998 et
870 3935 1000 4015 scripta
1024 3933 1134 3995 multa
1166 3930 1329 4012 gloriosa,

227 4047 319 4102 terra
335 4057 437 4120 qnam
455 4036 522 4099 Dei
538 4035 650 4099 Filius
666 4034 744 4098 fuso
764 4054 828 4116 pro
849 4032 948 4096 nohis
970 4050 1035 4095 sno
1055 4031 1224 4112 sanguine
1248 4051 1330 4094 con-

227 4137 388 4214 secravit,
403 4136 501 4217 regni
518 4135 624 4198 robur
637 4132 786 4216 perdidit
803 4140 838 4196 et
850 4129 1094 4196 fortitudinem.
1142 4130 1232 4207 Flet,
1247 4130 1330 4214 quia

227 4235 401 4321 quondam
424 4235 545 4312 libera,
564 4234 628 4296 sub
650 4233 756 4315 impio
779 4230 973 4315 tyrannidis
992 4229 1080 4315 jugo
1108 4229 1244 4312 cogitur
1269 4248 1328 4292 an-
