3150 4992
586 454 785 503 nncrronns
813 455 945 505 vitain.
1250 439 1317 504 299

209 635 339 701 tudinis
353 636 579 714 cumulemus,
596 636 680 722 Ipse
699 644 815 702 tamen
833 637 987 702 abundat
1003 637 1040 702 in
1062 637 1193 703 divitiis
1218 638 1316 703 boni-

210 738 306 813 tatis,
346 737 428 802 dum
470 743 612 820 propter
648 736 884 802 diversitatem
923 737 1155 814 voluntatum,
1187 739 1312 803 virium

210 835 425 914 facultatem,
458 836 736 919 delinquentibus
766 837 904 902 diversa
934 857 998 920 pro
1029 846 1184 920 tempore
1215 839 1317 902 satis·

210 935 359 1001 faciendi
388 956 518 1019 genera
548 936 708 1013 contulit,
738 937 837 1001 varia
873 936 1032 1002 medendi
1068 936 1315 1020 languentibus

209 1035 362 1101 remedia
378 1036 584 1115 suscitavit;
611 1036 691 1099 dum
710 1043 850 1113 terram,
872 1036 908 1100 in
934 1055 1005 1119 qua
1027 1037 1134 1114 nasci,
1156 1037 1255 1114 mori,
1280 1043 1316 1101 et

211 1155 391 1217 resurgere
406 1137 528 1212 voluit,
554 1141 625 1201 tam
650 1135 709 1199 diu
732 1135 776 1198 ad
801 1136 1083 1201 exercitationem
1106 1137 1257 1201 fidelium
1273 1137 1316 1200 ab

212 1235 407 1300 infidelibus
436 1235 582 1300 detineri
613 1236 794 1317 permittit,
824 1255 901 1301 cum
934 1255 1003 1300 non
1036 1237 1082 1300 sit
1113 1237 1315 1302 abbreviata

214 1353 337 1398 manus
353 1335 507 1411 Domini,
525 1354 588 1400 nec
602 1336 714 1400 virtus
731 1334 807 1419 ejus
829 1337 865 1398 in
891 1335 1007 1419 aliquo
1027 1335 1207 1413 diminuta,
1232 1335 1317 1418 quin

214 1453 303 1511 eam,
327 1436 418 1500 sicut
441 1434 522 1500 fecit
544 1442 670 1498 cuncta
690 1435 733 1497 de
754 1433 874 1512 nihilo,
899 1435 1045 1499 liberare
1060 1436 1176 1500 valeat
1193 1437 1228 1499 in
1243 1455 1317 1499 mo-

214 1541 343 1598 mento.
406 1533 474 1598 Sed
503 1533 583 1598 illas
615 1535 864 1616 compassionis
891 1541 927 1598 et
960 1534 1152 1599 dilectionis
1185 1535 1316 1616 gratias

215 1634 369 1717 exquirit
399 1635 444 1698 ab
477 1633 625 1712 homine,
659 1634 784 1715 quibus
810 1634 854 1696 ad
876 1635 988 1698 omnis
1013 1635 1319 1699 consummationis

217 1733 480 1816 finemlegisque
492 1733 740 1817 plenitudinem
749 1733 995 1797 ostendendam
1006 1734 1081 1816 ipse
1092 1734 1319 1817 priorhomini

217 1833 352 1915 perdito
377 1842 413 1898 et
433 1832 596 1897 damnato
620 1831 732 1896 voluit
749 1833 931 1897 miseratus
954 1834 1096 1914 adesse3
1123 1835 1183 1916 qni
1207 1834 1319 1898 nulla-

217 1940 317 1996 tenus
336 1933 549 2016 permisisset
565 1951 687 1996 manus
708 1932 833 2015 impias
856 1940 977 1998 contra
1003 1933 1079 2015 pios
1105 1933 1319 2016 usqueadeo

215 2032 382 2108 roborari,
412 2033 478 2095 nisi
506 2039 543 2097 et
570 2050 669 2095 suam
700 2031 869 2095 vindicari
896 2031 946 2103 de,
969 2039 1089 2096 nostra
1117 2033 1316 2097 confusione

216 2131 425 2214 providisset
439 2131 613 2216 injuriam,
635 2136 671 2194 et
693 2131 825 2195 servari
844 2138 997 2195 nostram
1021 2132 1063 2196 de
1087 2151 1152 2195 sua
1174 2133 1320 2197 victoria

218 2230 446 2314 disciplinam.
498 2230 569 2294 Sub
595 2229 659 2294 hac
682 2231 863 2295 occasione
891 2230 1030 2295 delicati
1055 2231 1193 2314 plurimi
1218 2233 1321 2296 satis-

216 2330 331 2394 facere
358 2349 421 2412 pro
449 2330 552 2394 modo
580 2330 760 2394 criminum
790 2349 859 2394 non
884 2330 1041 2395 valentes
1072 2350 1136 2394 nec
1165 2331 1319 2395 volentes

219 2430 378 2495 velutin
408 2429 580 2512 profundo
609 2429 777 2494 malornm
808 2430 945 2514 penitus
974 2429 1225 2511 desperassent,
1253 2431 1320 2494 nisi

220 2529 426 2594 occurrisset
455 2531 506 2594 eis
533 2528 607 2592 baec
636 2529 775 2607 tabula3
804 2523 876 2603 ¹ut,
901 2549 963 2612 per
991 2529 1056 2593 hoc
1082 2529 1320 2612 compendium

219 2628 292 2693 suis
308 2630 460 2711 peccatis
476 2649 542 2712 pro
559 2628 697 2693 Christo
715 2630 896 2692 animabus
913 2630 1153 2704 consummati,
1169 2630 1322 2693 breviter

220 2728 407 2793 multorum
424 2736 617 2812 temporum
635 2729 750 2810 spatia
766 2728 1043 2812 complevissent.
1096 2727 1201 2792 Multi
1217 2729 1322 2792 etiam

220 2828 376 2894 invenire
404 2829 518 2893 locum
543 2829 602 2892 ubi
630 2835 802 2892 steterunt
831 2828 937 2910 pedes
963 2828 1105 2891 Domini
1132 2829 1321 2910 cupientes,

221 2928 317 3011 prius
333 2927 376 2991 ad
392 2928 549 2992 bravium
566 2927 640 2990 sine
655 2946 771 3002 cursu,
787 2926 842 2989 vel
863 2927 978 3009 potius
1001 2926 1045 2990 ad
1068 2946 1228 2991 coronam
1249 2928 1322 2990 sine

222 3028 351 3110 gladio,
368 3034 620 3110 pervenerunt3
648 3025 716 3089 Illo
731 3043 832 3088 sunm
843 3031 1082 3088 remunerante
1095 3025 1251 3101 militem,
1264 3027 1324 3107 qui

222 3127 332 3191 solam
366 3127 562 3190 considerat
585 3126 621 3189 in
651 3125 825 3189 oblatione
850 3124 1076 3189 voluntatem.
1130 3123 1179 3187 Ut
1207 3133 1323 3188 autem

221 3234 363 3309 propter
390 3227 570 3309 praemissa
598 3224 716 3288 fideles
745 3223 929 3288 efficaciter
959 3230 994 3287 et
1017 3228 1176 3305 potenter
1200 3242 1323 3304 exper-

223 3334 360 3408 gemus,
386 3345 462 3402 nos,
489 3326 532 3388 de
551 3325 799 3406 omnipotentis
821 3323 889 3387 Dei
906 3321 1139 3387 misericordia
1156 3329 1192 3386 et
1206 3323 1325 3386 beato·

223 3446 299 3489 rum
318 3425 415 3488 Petri
437 3432 473 3489 et
494 3424 599 3488 Pauli
625 3423 860 3504 apostolorum
883 3421 1091 3487 auctoritate
1118 3420 1251 3498 confisi,
1278 3441 1324 3484 ex

222 3525 284 3589 illa
309 3544 413 3607 quam
437 3525 536 3588 nobis
561 3523 670 3599 Deus,
688 3523 770 3586 licet
789 3522 952 3604 indignis,
973 3520 1105 3603 ligandi
1125 3528 1231 3604 atque
1259 3521 1325 3584 sol-

223 3624 328 3689 vendi
354 3624 501 3688 contulit
523 3628 742 3704 potestatem,
763 3622 932 3698 omnibuS,
958 3623 1018 3703 qui
1041 3621 1193 3684 laborem
1217 3621 1323 3684 istum

224 3724 261 3786 in
291 3723 441 3807 propriis
469 3723 627 3806 personis
653 3722 820 3786 subierint
852 3729 888 3785 et
915 3721 951 3783 in
982 3721 1155 3802 expensis
1185 3720 1323 3802 plenam

224 3842 365 3886 suorum
391 3823 641 3905 peccaminum,
663 3821 705 3885 de
729 3822 855 3904 quibus
880 3820 1048 3884 veraciter
1073 3819 1200 3883 fuerint
1223 3819 1325 3882 corde

224 3922 364 3986 contriti
387 3930 423 3986 et
439 3942 499 3986 ore
524 3920 682 3997 confessi,
705 3921 841 3984 veniam
864 3919 1093 4000 indulgemus,
1113 3925 1147 3980 et
1170 3917 1206 3979 in
1227 3917 1327 3981 retri-

225 4022 366 4085 butione
381 4021 558 4105 justorum
576 4019 700 4084 salutis
720 4027 860 4084 aeternae
877 4017 1079 4100 pollicemur
1092 4024 1325 4096 augmentum.

249 4244 256 4275 ¹
269 4249 336 4302 Ut..
346 4247 565 4312 ‚compleoisuat.]
584 4247 627 4296 Sic
638 4246 665 4294 in
674 4245 772 4298 concil.
784 4246 891 4296 Oollect.
902 4245 944 4296 ed.
954 4245 1019 4306 Reg.
1029 4247 1089 4292 tom.
1101 4242 1191 4293 xxviii.
1203 4257 1230 4304 p.
1243 4246 1300 4294 31⁰.
