3150 4992
590 480 793 529 nnomouns
814 480 945 528 viarm.
1258 463 1325 528 239

266 660 448 724 millesimo
470 660 704 727 ducentesimo
730 662 894 726 vicesimo
918 663 1077 745 septimo,
1101 662 1235 745 plenius
1261 681 1324 724 an·

269 768 445 824 notantur.

220 884 293 1022 ldd,
310 883 363 1020 illd,
375 945 541 1027 promissi·
619 945 939 1028 pollicitationibus·

384 1042 491 1106 ortibus

220 1164 294 1242 137,
333 1169 364 1243 4,
378 1167 548 1251 rescriptos
619 1164 712 1228 exul.

218 1333 268 1344 -
335 1295 364 1368 5,
380 1291 524 1356 Romam
617 1286 710 1350 addit
739 1285 867 1363 Paris„
897 1307 966 1351 non
1001 1287 1074 1350 sine
1103 1289 1317 1372 interpositis

640 1385 849 1449 muneribus.

217 1548 267 1559 -·
335 1510 363 1592 7,
379 1515 548 1578 Falcosiua
619 1510 712 1573 Dum
730 1509 832 1572 enim.

384 1612 533 1678 ...droa
661 1623 663 1626 ’

220 1728 293 1803 138,
334 1730 365 1804 1,
371 1729 495 1812 format
617 1722 757 1798 faceret,
772 1739 848 1784 cum
864 1727 979 1783 tamen
996 1721 1083 1785 bene
1099 1731 1226 1804 posset.

217 1892 268 1903 ..
335 1853 365 1926 4,
382 1851 535 1934 Lapidem
561 1901 564 1906 .
620 1844 763 1920 Iterum,
780 1863 857 1907 cum
875 1842 917 1906 de
932 1850 1057 1924 stagno
1073 1864 1148 1921 suo,
1164 1848 1256 1928 quod
1275 1848 1318 1910 ad

386 1959 555 2012 ...morte
641 1962 805 2024 magnum
835 1941 1076 2007 detrimentum
1101 1952 1135 2007 et
1159 1944 1321 2009 damnum

381 2049 494 2111 misera
511 2057 569 2112 tor·
640 2042 761 2105 domus
789 2042 969 2104 levaverat
1000 2042 1091 2123 apud
1123 2043 1321 2121 Luitonam,

385 2147 519 2211 minavit
640 2147 907 2221 conquereretur
925 2140 1042 2217 abbas,
1063 2162 1104 2205 eo
1123 2144 1213 2224 quod
1231 2163 1323 2226 aqua

640 2239 856 2320 superfluens
872 2245 1007 2318 segetes
1031 2240 1066 2303 in
1087 2242 1247 2322 proximo
1270 2243 1320 2305 in·

640 2346 755 2402 stante
782 2345 948 2401 autumno
976 2346 1068 2402 esset
1092 2340 1318 2418 absorbenda,
1359 2377 1362 2380 ⁴

639 2436 819 2518 respondit
840 2437 1075 2518 iniquissimus
1099 2438 1206 2502 Falco
1231 2459 1320 2520 prae-

576 2609 578 2613 ¹
640 2538 849 2612 nominatus
867 2534 959 2617 quod
974 2538 1137 2618 poenituit
1149 2557 1226 2602 eum
1248 2559 1318 2603 non

640 2643 863 2717 exspectasse
879 2635 987 2699 donec
1005 2638 1115 2698 omnis
1131 2656 1270 2700 annona
1284 2639 1320 2700 in

639 2734 762 2799 horreo
792 2735 1030 2810 collocaretur,
1057 2742 1097 2798 ut
1124 2735 1319 2799 redundans

640 2834 733 2896 unda
758 2833 875 2897 omnia
897 2835 1176 2915 consumpsisset.
1217 2835 1320 2917 Lapi-

641 2933 717 2994 dem
740 2939 856 2995 autem
883 2951 987 3013 super
1009 2940 1114 3013 caput
1142 2953 1242 2995 sunm
1264 2933 1320 2996 de-

640 3031 803 3095 scendere
820 3031 941 3107 sensit,
961 3049 1037 3092 cum
1058 3032 1094 3092 in
1116 3032 1212 3094 brevi
1233 3038 1319 3094 tem-

640 3149 723 3212 pore
749 3129 911 3211 deinceps
943 3129 1035 3209 apud
1065 3129 1318 3205 Bedefordiam,

641 3236 721 3311 post
737 3227 997 3308 suspensionem
1019 3227 1165 3289 fratrum
1184 3235 1219 3289 et
1237 3229 1320 3291 ami·

641 3346 758 3391 corum
776 3345 928 3401 suorum,
946 3326 1020 3406 ipse
1035 3325 1171 3387 demum
1189 3345 1321 3408 pauper

641 3425 783 3488 exilium
801 3424 918 3498 subiit,
935 3431 971 3487 et
982 3443 1072 3487 nunc
1087 3423 1192 3487 vitam
1209 3433 1319 3488 morte

641 3525 766 3586 misera
776 3522 983 3586 terminavit.
1018 3523 1162 3586 Utinam
1179 3543 1247 3586 non
1259 3524 1320 3587 ad·

641 3623 708 3685 huc
733 3629 890 3686 conterat
911 3641 988 3684 eum
1011 3621 1099 3703 lapis
1119 3623 1185 3685 iste
1212 3623 1248 3684 in
1267 3623 1321 3685 in·

641 3721 738 3784 ferno
750 3722 935 3803 plurimum
947 3721 1191 3785 formidabilis!
1225 3720 1321 3786 Obiit

641 3829 757 3884 autem
775 3809 909 3883 veneno
932 3819 1093 3896 infectus,
1117 3827 1152 3883 et
1171 3821 1320 3901 quodam

640 3919 736 3999 pisce
753 3919 989 4000 ingurgitatus
1010 3917 1243 3982 efficacissime
1264 3939 1322 3982 ve-

643 4025 777 4080 nenato.
825 4016 928 4080 Unde
946 4023 1026 4097 post
1041 4037 1175 4080 coenam
1191 4020 1320 4081 cubans

643 4116 804 4180 inventus
843 4123 896 4178 est
930 4123 1099 4189 mortuus,
1139 4117 1248 4198 niger,
1286 4124 1322 4180 et

605 4295 609 4304 Ι
642 4214 780 4291 luetone,
804 4216 1005 4290 incestatas,
1037 4222 1071 4278 et
1099 4215 1173 4278 sine
1194 4215 1322 4279 viatico
