3150 4992
596 458 800 506 anemonas
824 459 958 509 vaura.
1288 448 1332 511 55

223 579 298 716 ill,
314 579 366 718 {ll}
381 642 565 708 carator
622 645 715 709 atta
753 645 877 722 raus,
914 646 958 710 in
994 645 1127 728 Anglia
1164 648 1329 728 pestifera
1400 619 1404 628 '

645 745 840 808 mortalitas
856 746 1068 821 animalium,
1080 748 1233 810 maxima
1244 768 1326 830 quo·

644 864 711 926 que
729 844 916 922 hominum,
933 845 999 909 hoc
1013 853 1167 928 tempore
1184 847 1260 911 fuit.

223 960 298 1040 173,
315 965 365 1040 21,
374 963 575 1049 principibus
622 966 746 1030 Turcis
760 967 955 1032 infidelibus
970 989 1032 1051 per
1046 989 1191 1051 quorum
1205 978 1326 1034 terras.

433 1087 494 1148 per
503 1085 575 1149 quos

223 1184 298 1260 174,
316 1189 369 1263 30,
384 1187 504 1250 dicitur
622 1187 811 1253 dicebatur,

223 1308 296 1386 175,
314 1313 366 1384 32,
385 1310 558 1390 intulerunt
621 1312 749 1376 intulit.

222 1430 298 1507 177,
316 1435 366 1508 24,
386 1441 514 1496 testator
622 1435 827 1498 testabatur.

113 1532 115 1535 ¹
221 1598 272 1609 -
317 1559 371 1631 25,
386 1555 512 1620 delectat
526 1555 573 1620 ob·
621 1557 829 1622 obsiderent.

386 1657 486 1720 cidare

222 1776 298 1856 178,
335 1781 365 1856 6,
374 1801 474 1864 propo
622 1800 729 1862 prope
743 1781 872 1845 hostes

225 1906 300 1980 180,
317 1903 575 1988 20‚sopraecittct't
622 1924 660 1967 se
677 1906 836 1988 utrisque
853 1906 1011 1969 manibus
1028 1906 1224 1988 praecinxit.

220 2067 272 2078 -
317 2024 369 2102 27,
386 2027 489 2111 iuquit
623 2027 712 2091 decet.

224 2151 297 2224 18],
341 2152 371 2225 3,
389 2151 573 2234 transfreta·
623 2151 715 2215 addit
734 2151 861 2226 Paris,
885 2158 925 2214 ut
942 2150 1181 2233 multiplicatis
1196 2151 1327 2214 viribus

386 2250 432 2312 att
645 2251 767 2314 fortior
782 2258 961 2313 remearet.

221 2371 272 2425 ’-
317 2374 573 2450 flavacurtem
623 2376 715 2440 addit
742 2375 870 2449 Paris,
897 2373 977 2437 Rex
1002 2375 1121 2455 itaque
1152 2372 1328 2438 Henricus

382 2473 423 2536 sit
646 2476 798 2539 sentiens
823 2474 1067 2538 conscientiam
1087 2492 1186 2535 suam
1207 2474 1242 2535 in
1268 2475 1328 2537 ob-

645 2583 742 2639 tento
757 2575 856 2656 regni
867 2574 1104 2648 cauteriatam,
1116 2579 1191 2637 erat
1200 2574 1328 2656 quippe

646 2675 824 2756 eleganter
845 2674 1016 2748 literatus,
1038 2679 1160 2753 utpote
1180 2691 1202 2734 a
1224 2674 1328 2753 prim-

646 2793 722 2838 aeva
737 2781 841 2837 aetate
855 2780 1029 2855 praecepto
1046 2773 1155 2855 patris
1168 2772 1327 2836 addictus

645 2872 754 2936 literis
770 2873 889 2957 etjam
906 2873 940 2935 in
954 2871 1047 2954 jure,
1065 2870 1156 2954 quod
1171 2872 1328 2935 audierat

648 2979 794 3048 secreto,
813 2971 1009 3055 expeditus,
1028 2972 1135 3052 coepit
1152 2972 1187 3032 in
1204 2978 1329 3034 semet·

647 3073 723 3153 ipso
755 3072 903 3152 impetus
935 3071 1186 3150 insurgentium
1213 3069 1328 3133 formi-

646 3170 741 3246 dare,
780 3178 816 3233 et
848 3170 915 3232 Dei
948 3168 1116 3251 judicium
1151 3169 1188 3229 in
1214 3169 1327 3250 ipsum

647 3268 844 3344 fulminare,
867 3287 908 3331 eo
935 3267 1027 3349 quod
1049 3266 1148 3329 fratri
1172 3285 1235 3328 suo
1257 3268 1328 3349 pri·

647 3368 834 3449 mogenito,
863 3367 919 3430 cui
939 3366 1000 3450 jus
1025 3366 1123 3446 regni
1148 3365 1329 3431 manifeste

646 3469 877 3550 competebat,
903 3473 1031 3530 temere
1053 3464 1253 3547 usurpando
1275 3467 1328 3529 iu-

642 3568 738 3650 juste
771 3567 873 3629 nimis
905 3564 1119 3642 abstulerat;
1157 3564 1217 3627 sed
1250 3565 1329 3647 plus

647 3668 772 3730 timens
790 3665 945 3729 homines
964 3684 1068 3746 quam
1087 3663 1213 3739 Deum,
1231 3667 1328 3744 regui

647 3765 780 3829 nobiles
797 3766 906 3846 primo
924 3763 1076 3827 subdolis
1095 3763 1257 3844 pollicitis
1275 3764 1328 3826 in·

648 3864 809 3929 elinando
831 3863 1038 3937 conciliavit,
1057 3863 1216 3942 cogitans
1232 3871 1329 3944 post·

647 3983 690 4028 ea
711 3984 772 4045 per
792 3963 1027 4026 fundationem
1050 3962 1211 4037 abbatiae,
1225 3981 1328 4042 quam

646 4071 846 4126 construere
861 4067 1100 4144 proposuerat,
1112 4060 1154 4122 de
1169 4066 1268 4122 tanta
1279 4062 1329 4123 in-

642 4163 737 4245 juria
754 4163 831 4226 Deo
848 4161 1059 4224 satisfacere.
1101 4159 1329 4240 Magnetibus

646 4263 753 4343 igitur
765 4262 863 4344 regni
876 4262 919 4323 ob
935 4260 999 4323 hoc
1011 4258 1224 4321 Londoniam
1238 4258 1329 4321 edic-
