3150 4992
583 454 784 506 nrcrrouns
808 457 943 506 vaura.
1250 440 1317 506 255

218 579 275 616 Plo.
299 580 351 616 ua.

208 639 282 717 178,
300 644 351 717 31,
366 641 506 727 Nigaea
604 642 697 707 addit
713 642 837 716 Paris,
857 643 967 707 virum
981 643 1018 706 in
1033 641 1215 708 literatura
1236 661 1313 725 pro

626 742 724 806 fundi
760 741 922 825 pectoris,
957 742 1140 806 honestum
1173 760 1213 806 ac
1253 761 1315 824 per

629 842 745 905 omnia
770 840 991 918 laudabilem,
1015 840 1191 924 religionis
1219 859 1311 904 ama-

630 948 739 1006 torem
759 960 801 1005 ac
825 940 1051 1018 defensorem,
1075 941 1168 1005 omni
1188 959 1314 1022 genere

628 1041 798 1123 superbiae
814 1048 999 1105 carentem.

208 1157 282 1238 179,
323 1163 355 1235 3,
369 1159 517 1243 'amdcmr
607 1163 773 1249 ejusdem,
799 1165 889 1227 sicut
915 1171 950 1227 et
973 1162 1161 1246 praedictus
1185 1163 1311 1227 Eusta-

372 1281 430 1344 qao
629 1263 727 1327 chius
743 1264 781 1327 in
796 1281 881 1340 suo;
906 1282 975 1346 qno
989 1261 1161 1327 Galfrido.

209 1386 285 1462 180,
323 1385 354 1460 3,
369 1381 487 1447 Eodem
610 1386 696 1450 This
719 1386 862 1469 chapter
888 1385 951 1450 has
982 1386 1069 1449 been
1097 1384 1241 1449 omitted
1266 1385 1312 1467 by

631 1485 743 1550 Paris.

209 1610 283 1684 182,
303 1609 354 1682 21,
373 1605 505 1690 quodam
610 1609 760 1692 quodam
776 1609 843 1672 fide
862 1608 979 1692 digno.

210 1734 285 1808 184,
323 1731 354 1806 6,
370 1735 491 1792 acatal
607 1732 701 1796 addit
718 1731 843 1808 Paris,
867 1731 998 1796 Eodem
1024 1750 1127 1808 anno,
1152 1730 1238 1795 feria
1257 1751 1311 1795 se-

631 1831 745 1895 cunda
767 1840 802 1895 et
827 1832 930 1896 tertia
957 1836 1037 1894 ante
1061 1829 1216 1907 Cineres,
1239 1832 1313 1913 qni-

631 1931 696 1994 bus
721 1931 834 1994 solent
855 1929 976 1994 diebus
1002 1929 1117 1993 clerici
1138 1929 1312 1994 scholares

632 2029 723 2092 ludis
740 2047 879 2105 vacare,
902 2029 1062 2092 exierunt
1084 2028 1224 2111 quidam
1244 2028 1310 2093 cle·

633 2128 695 2191 rici
733 2128 777 2192 ab
814 2129 898 2191 urbe
929 2126 1159 2190 Parisiacensi
1192 2146 1313 2192 versus

633 2234 792 2290 sanctum
823 2226 1028 2290 Marcellum
1058 2234 1199 2308 propter
1222 2229 1324 2290 aeris*

634 2326 924 2401 commoditatem,
948 2333 988 2389 ut
1013 2324 1104 2389 ludis
1127 2325 1174 2389 ibi
1200 2326 1314 2389 inten-

633 2426 755 2488 derent
784 2424 980 2502 consuetis;
1020 2442 1090 2506 quo
1123 2443 1201 2488 cum
1233 2444 1311 2507 per-

634 2525 822 2600 venissent,
846 2531 883 2587 et
900 2523 937 2587 in
957 2523 1048 2586 ludis
1067 2524 1312 2604 componendis

633 2622 834 2706 aliquandiu
857 2641 894 2686 se
925 2628 1150 2698 recreassent,
1176 2623 1312 2686 invene-

634 2730 716 2787 rnnt
746 2723 796 2786 ibi
825 2741 909 2786 casu
935 2722 1054 2786 vinum
1084 2721 1251 2802 optimum
1278 2723 1314 2784 in

635 2822 779 2886 taberna
811 2820 972 2903 quadam,
1000 2819 1102 2883 etad
1129 2819 1313 2884 bibendum

634 2939 753 2985 suave.
800 2919 870 2983 Ubi
887 2921 977 2982 inter
994 2918 1136 2982 clericos
1153 2925 1321 3000 potantes

636 3026 672 3082 et
688 3037 861 3100 caupones
882 3017 925 3081 de
948 3017 1059 3099 pretio
1078 3017 1150 3081 vini
1174 3024 1315 3082 conten-

636 3119 730 3182 tione
747 3118 903 3192 suborta,
914 3122 1091 3198 coeperunt
1105 3116 1150 3179 ad
1167 3115 1314 3180 invicem

636 3217 757 3300 alapas
794 3215 877 3279 dare
918 3223 954 3278 et
986 3215 1131 3296 capillos
1171 3214 1314 3292 laniare,

637 3332 816 3397 quousque
839 3313 994 3378 homines
1018 3313 1111 3377 villae
1133 3331 1313 3377 accurren-

636 3421 690 3478 tes
704 3431 877 3494 caupones
897 3412 1129 3475 liberaverunt
1146 3412 1188 3475 de
1210 3413 1316 3475 mani-

636 3513 701 3575 bus
730 3512 956 3588 clericorum3
996 3509 1069 3587 sed,
1103 3517 1139 3573 et
1170 3509 1312 3575 vulnera

636 3611 910 3693 repugnantibus
940 3609 1073 3673 clericis
1105 3608 1314 3690 infligentes

636 3711 723 3774 bene
748 3709 933 3789 fustigatus
965 3715 999 3771 et
1024 3709 1162 3789 egregie
1190 3728 1250 3773 eos
1279 3711 1314 3773 in

637 3807 756 3890 fugam
791 3806 1041 3889 compulerunt.
1110 3805 1169 3869 Illi
1200 3814 1316 3870 autem

636 3906 780 3970 lacerati
818 3908 854 3969 in
890 3905 1065 3969 civitatem
1103 3913 1315 3968 revertentes

637 4012 897 4069 commoverunt
922 4003 1058 4066 sodales
1083 4002 1120 4065 in
1148 4003 1313 4066 ultionem

637 4122 756 4183 snam3
783 4103 898 4186 quiin
922 4101 1072 4166 crastino
1092 4120 1170 4165 cum
1189 4100 1316 4182 gladiis

638 4209 672 4266 et
692 4203 840 4266 fustibus
865 4202 909 4265 ad
932 4207 1087 4264 sanctum
1111 4199 1314 4264 Marcellum
