3150 4992
235 432 300 498 138
606 448 806 497 uuerronus
830 448 963 498 vnnrm.

287 625 515 701 intenderent,
538 625 720 709 Philippus
738 626 891 710 ejusdem
914 627 1107 709 episcopus,
1134 627 1212 710 plus
1234 628 1338 692 armis

285 724 419 790 martiis
434 745 538 807 quam
553 726 679 790 divinae
692 727 831 809 paginae
847 735 1028 810 promptus
1046 735 1081 791 et
1095 735 1251 810 paratus,
1264 727 1339 809 regi

286 834 403 889 tamen
435 824 647 890 Francorum
673 826 961 890 familiarissimus
983 827 1065 909 quia
1085 827 1281 905 bellicosus,
1303 835 1339 891 et

286 924 482 990 Willelmus
500 926 543 990 de
554 925 691 990 Merlon
706 945 784 990 cum
801 926 963 999 filio-suo,
977 947 1054 999 cum
1071 927 1237 991 militibus
1255 927 1345 990 mul-

287 1025 332 1088 tis
350 1031 385 1088 et
401 1024 501 1107 plebe
518 1033 653 1089 armata
668 1044 863 1103 numerosa,
881 1025 1041 1090 exierunt
1057 1034 1178 1091 contra
1196 1046 1256 1092 eos
1275 1028 1338 1089 im-

285 1124 472 1206 perterriti,
503 1124 563 1188 sed
596 1145 678 1190 mox
701 1125 796 1207 capti
820 1132 902 1189 sunt
925 1125 1078 1190 universi
1099 1133 1135 1190 et
1162 1146 1207 1190 ex
1230 1126 1336 1214 vulgo

286 1242 368 1306 pars
391 1223 543 1287 maxima
562 1223 754 1288 interfecta.
807 1225 854 1288 Et
876 1226 995 1289 eodem
1020 1225 1075 1288 die
1097 1232 1338 1308 processerunt

288 1323 332 1386 ad
350 1321 463 1386 Milm.
484 1323 666 1388 castellum
690 1323 774 1388 dicti
789 1325 942 1406 episcopi
968 1333 1004 1388 et
1022 1332 1188 1407 ceperunt
1204 1334 1240 1389 et
1256 1327 1338 1388 sub·

288 1428 467 1486 verterunt
491 1423 588 1499 illud,
610 1432 646 1486 et
666 1423 715 1487 sic
737 1423 887 1505 gloriose
904 1423 1157 1506 triumphantes
1179 1424 1253 1505 regi
1267 1423 1338 1488 An-

288 1522 424 1604 glorum
434 1522 591 1604 captivos
607 1541 688 1586 suos
702 1530 1013 1604 praesentaverunt.
1053 1523 1151 1587 Inter
1161 1544 1249 1606 quos
1261 1543 1338 1587 cum

287 1622 513 1703 processisset
541 1628 749 1685 memoratus
778 1621 1023 1699 Marchadeus,
1055 1623 1115 1704 qui
1141 1623 1340 1705 episcopum

288 1741 367 1785 cum
380 1739 444 1784 suo
462 1720 703 1785 archidiacono
721 1740 799 1784 cum
814 1723 918 1786 armis
934 1728 1085 1804 ceperat,
1099 1730 1135 1786 et
1148 1723 1243 1805 ipsos
1260 1730 1340 1786 ante

289 1839 404 1902 regem
428 1820 574 1884 offerens
601 1821 821 1897 ostendisset,
845 1822 897 1901 ait
928 1822 1111 1886 ridiculose
1135 1822 1255 1904 lingua
1276 1842 1341 1885 sua

291 1920 423 1996 nativa,
449 1919 582 1984 ‘Prins
605 1921 639 1983 ai
666 1919 699 1984 le
726 1920 936 1985 canthathur
966 1942 985 1985 e
1010 1921 1043 1985 le
1068 1922 1340 2004 respondethur‚'

291 2019 382 2102 quod
405 2027 458 2083 est
478 2019 582 2095 dictu,
606 2018 716 2101 ‘Cepi
740 2021 840 2083 vobis
866 2027 1079 2085 cantatorem
1103 2029 1138 2085 et
1159 2041 1340 2104 responso-

290 2119 387 2183 rem’
438 2119 518 2183 Rex
533 2139 615 2184 vero
638 2119 831 2197 subridens,
845 2120 929 2202 quia
942 2139 1037 2202 saepe
1054 2121 1341 2184 damnificabatur

290 2239 352 2301 per
377 2219 575 2301 episcopum
603 2227 638 2283 et
657 2237 751 2295 suos,
772 2219 880 2301 jussit
902 2219 996 2302 ipsos
1019 2227 1172 2284 armatos
1191 2221 1341 2284 incarce-

291 2319 381 2398 rari3
408 2319 467 2382 sed
491 2340 569 2383 cum
592 2319 749 2383 canonici
765 2318 996 2383 Belvacenses
1020 2339 1125 2402 snper
1139 2319 1204 2383 hoc
1220 2339 1340 2402 quere·

291 2419 361 2481 lam
383 2417 521 2481 domino
540 2437 640 2500 papae
660 2417 906 2500 reposuissent,
923 2419 1062 2501 scripsit
1075 2419 1234 2483 dominus
1251 2439 1343 2501 papa

292 2517 366 2598 regi
395 2516 571 2580 Richardo
598 2517 836 2595 amicabiliter,
865 2524 906 2581 ut
933 2517 1199 2583 misericorditer
1224 2529 1344 2600 ageret

292 2635 370 2678 cum
390 2616 529 2692 eisdem,
552 2634 710 2679 asserens
732 2614 827 2697 ipsos
849 2616 1081 2682 incarceratos
1104 2619 1194 2682 lilios
1216 2637 1257 2682 ac
1274 2617 1343 2682 fra-

292 2725 362 2778 tres
379 2733 460 2778 suos
475 2714 581 2778 fuisse
597 2722 632 2778 et
649 2714 819 2778 Romanae
839 2715 993 2780 ecclesiae
1010 2717 1210 2781 familiares.
1262 2718 1342 2782 Rex
1373 2719 1376 2725 '

291 2813 398 2894 igitur
413 2815 456 2877 ob
471 2814 629 2896 papalem
652 2815 881 2878 reverentiam
896 2814 1003 2898 jussit
1018 2817 1152 2899 pondus
1171 2836 1343 2882 armorum

292 2914 444 2996 episcopi
469 2921 504 2977 et
527 2912 761 2978 archidiaconi
779 2922 814 2978 et
836 2913 1047 2993 clericorum,
1072 2918 1232 2998 quicum
1258 2917 1343 2998 ipsis

292 3022 404 3090 erant,
425 3014 461 3077 iu
479 3021 613 3077 tantum
635 3013 792 3077 alleviari
811 3020 851 3078 ut
865 3013 981 3078 loricae
998 3035 1115 3079 eorum
1133 3016 1344 3098 deponeren-

291 3122 360 3191 tur,
386 3121 421 3178 et
446 3115 552 3177 missa
576 3113 684 3178 lorica
708 3113 941 3177 archidiaconi
967 3121 1002 3178 et
1029 3117 1181 3197 episcopi
1206 3115 1344 3179 domino

291 3233 392 3296 papae
408 3213 557 3296 scripsit,
576 3214 625 3280 sic
641 3213 813 3295 inquiens
830 3213 944 3277 ‘Vide
961 3214 992 3277 si
1012 3216 1129 3278 tunica
1150 3215 1211 3277 lilii
1231 3214 1282 3278 tui
1297 3216 1342 3279 sit

292 3332 338 3376 an
353 3313 446 3376 non!
497 3312 548 3376 At
567 3332 659 3396 papa
682 3313 864 3376 subridens
886 3314 1076 3394 respondit,
1100 3333 1178 3377 cum
1201 3314 1344 3378 vidisset

291 3413 432 3476 loricam
456 3431 617 3494 maguam
641 3420 676 3476 et
698 3413 863 3492 rubegine
877 3412 953 3495 jam
970 3413 1127 3491 tinctam,
1143 3419 1153 3448 ‘
1168 3411 1261 3477 Vere
1276 3434 1346 3477 non

292 3520 345 3575 est
363 3511 481 3575 tunica
495 3511 552 3574 vel
570 3510 687 3574 fratris
700 3510 756 3573 vel
771 3511 834 3574 tilii
855 3512 932 3586 mei,
959 3512 1062 3576 immo
1078 3533 1142 3577 nec
1166 3512 1228 3577 filii
1249 3515 1345 3594 pacis

294 3609 349 3674 vel
375 3609 539 3684 ecclesiae,
567 3611 625 3673 sed
650 3609 767 3691 potius
794 3609 855 3672 filii
878 3611 1025 3691 Martis3
1053 3613 1216 3676 liberetur
1240 3612 1348 3693 igitur

245 3783 248 3790 ¹
293 3708 373 3773 talis
398 3709 593 3790 episcopus,
611 3716 646 3773 et
669 3709 722 3772 sui
746 3708 806 3791 qui
831 3711 956 3772 armati
981 3711 1259 3788 inveniebantur,
1286 3732 1346 3794 per

293 3808 561 3890 redemptionem
577 3809 620 3872 ad
637 3809 728 3890 regis
747 3808 982 3874 voluntatem!

242 3949 298 3986 rso.
338 3949 391 3986 urs.

241 4009 294 4088 97,
355 4010 592 4088 estonum
643 4011 685 4076 de
701 4011 887 4077 Evesham.

409 4111 453 4176 sis
468 4110 593 4176 coenobii

242 4277 293 4288 --
338 4238 389 4311 11,
406 4235 558 4319 inlapsum
643 4235 731 4300 dost.
