3150 4992
600 465 802 514 nucrrouss
826 465 956 514 vunnu.
1289 451 1333 514 57

225 593 302 731 llll,
317 592 369 731 ll,
384 651 504 718 ociolus
625 651 718 716 addit
739 651 868 729 Paris,
892 650 1111 734 equestribus
1131 657 1167 714 et
1181 652 1259 716 aliis
1282 652 1332 713 in·

647 750 767 816 finitis.

224 913 277 922 -
321 874 373 952 27,
391 887 566 940 outororoou
626 875 792 938 omnium.

227 1042 278 1053 -
323 1003 375 1077 28,
395 1000 544 1064 solidavit
626 1002 805 1064 animavit.

230 1125 305 1199 182,
347 1126 377 1199 3,
385 1125 581 1207 potissimum
628 1124 878 1206 potentissime,
896 1125 1170 1206 potentissimus.

228 1286 280 1296 -
345 1249 376 1324 9,
395 1257 521 1312 retentos
628 1267 709 1311 suos
733 1255 887 1312 retentos
912 1249 1095 1331 conspexit
1116 1256 1242 1313 octavo
1270 1248 1333 1313 ka·

393 1350 546 1432 eoospouit
650 1348 771 1411 landas
789 1349 889 1412 Maii.

228 1513 280 1522 -
325 1472 376 1546 26,
393 1471 449 1534 tibi
465 1473 505 1536 do
629 1472 691 1535 tibi
707 1471 805 1536 dabo.

228 1637 279 1647 -
324 1597 374 1688 32,
382 1597 546 1679 prestabis
630 1597 828 1677 praecelles.’
873 1597 943 1660 Hic
960 1597 1170 1661 constitutus
1186 1605 1239 1662 est
1250 1598 1334 1662 ordo

651 1697 896 1760 canonicorum
914 1697 1126 1761 Saresbiriee.

231 1822 304 1894 183,
322 1823 374 1894 13,
389 1823 583 1906 mancipavit
629 1821 721 1887 addit
754 1821 880 1898 Paris,
915 1822 1045 1884 Eodem
1077 1828 1230 1903 tempore
1260 1823 1333 1886 dux

651 1921 839 1998 RobertuS,
851 1923 1029 1984 immemor
1043 1921 1137 1983 illius
1154 1922 1237 1985 boni
1252 1942 1333 1985 con·

653 2021 722 2084 silii
754 2013 1043 2083 ‘Humiliamini¹
1093 2021 1158 2082 sub
1201 2023 1337 2103 potenti

652 2121 780 2196 manu,’
794 2122 829 2182 in
845 2120 1039 2200 ampullosa
1053 2121 1159 2182 verba
1174 2127 1208 2183 et
1221 2121 1334 2184 minas

652 2220 823 2302 prorupit,
855 2219 954 2281 falsis
985 2218 1148 2301 pollicitis
1180 2226 1216 2282 et
1245 2238 1335 2302 pree-

653 2319 751 2399 cipue
774 2318 911 2381 comitis
933 2316 1127 2381 Castrensis
1148 2319 1332 2382 animatus.

653 2417 820 2499 Deceptis
836 2417 944 2498 igitur
958 2416 1171 2493 custodibus„
1187 2426 1334 2481 conatus

652 2525 706 2579 est
720 2516 887 2592 evadere;
912 2517 972 2579 sed
987 2506 1123 2597 fugiens
1143 2517 1187 2579 ab
1205 2517 1332 2581 eisdem

652 2622 774 2697 captus
797 2623 862 2692 est,
883 2616 1038 2680 incidens
1062 2634 1125 2679 suo
1145 2635 1273 2680 manno
1297 2618 1333 2680 in

652 2715 805 2778 bitumen
832 2715 1050 2797 profundum.
1115 2715 1246 2779 Fuerat
1270 2735 1332 2779 au-

654 2822 721 2878 tem
751 2822 950 2878 reverenter
975 2815 1010 2877 in
1040 2814 1149 2878 libera
1177 2815 1335 2878 custodia

654 2914 824 2977 detentus.
878 2913 981 2990 Quod
1004 2934 1080 2976 cum
1099 2914 1173 2994 regi
1196 2916 1332 2978 nuntia-

655 3021 760 3088 retur,
772 3013 879 3095 jussit
894 3031 985 3088 eum,
1000 3013 1139 3075 arctiori
1155 3015 1284 3076 carceri
1298 3022 1334 3077 et

654 3111 821 3174 custodiae
843 3113 1088 3193 mancipatum,
1105 3110 1251 3191 fulgenti
1272 3114 1333 3175 ob·

653 3211 788 3273 staculo
801 3210 977 3273 oculorum
992 3209 1068 3273 luce
1082 3210 1222 3290 privari.
1251 3211 1332 3274 Mu-

654 3309 782 3372 tatoria
794 3316 909 3371 autem
925 3309 1025 3389 quasi
1042 3327 1106 3370 sua
1121 3308 1152 3370 ei
1169 3329 1238 3371 non
1255 3311 1332 3372 sub-

654 3409 773 3472 traxit.
807 3409 891 3470 Dux
904 3427 985 3471 vero
996 3427 1041 3470 ex
1055 3407 1116 3470 illa
1126 3407 1212 3471 hora
1223 3429 1333 3491 usque

653 3507 695 3570 ad
713 3517 857 3571 mortem
875 3513 989 3570 mente
1005 3515 1040 3570 et
1056 3526 1199 3588 corpore
1216 3509 1335 3572 incon-

652 3607 788 3670 solabili
799 3607 916 3670 dolore
928 3607 1117 3671 contabuit.
1159 3608 1237 3672 Rex
1250 3628 1333 3672 vero

644 3726 696 3770 ex
714 3708 807 3769 omui
822 3706 1018 3786 suspicione
1035 3706 1200 3769 liberatus
1218 3707 1333 3789 dedig-

653 3807 813 3881 nabatur,
831 3825 910 3887 quae
927 3806 1145 3886 promiserat,
1161 3808 1334 3887 magnati·

652 3906 717 3968 bus
734 3906 808 3967 suis
823 3903 1023 3986 adimplere,
1034 3905 1145 3967 minas
1159 3906 1261 3968 minis
1279 3925 1333 3969 ao

653 4003 873 4079 cumulando,
907 4004 966 4084 qui
999 4023 1117 4067 omnes
1154 4005 1336 4086 conquesti

652 4109 733 4166 sunt
749 4122 864 4165 coram
883 4103 961 4165 Deo
976 4102 1144 4166 ultionum
1162 4103 1324 4167 Domino.

584 4305 799 4367 ¹Humiliumiul.]
819 4309 828 4352 l
845 4306 901 4355 Pet.
915 4320 939 4354 v.
952 4309 976 4353 6.
