3150 4992
225 592 283 629 Pto.
320 592 373 629 un.

226 656 279 730 46,
319 657 372 728 21,
390 653 480 718 desit

226 813 279 829 —-
319 812 364 823 —
388 777 485 840 iidem

228 935 278 946 -
322 901 375 976 22,
392 900 502 963 multos

394 1021 448 1062 reo·
461 999 560 1084 initur

228 1564 279 1576 ...
322 1519 375 1598 27,
383 1477 581 1605 perlustrans

227 1683 278 1696 -
321 1651 375 1724 29,
384 1645 549 1732 proficiens

228 1909 279 1924 -
322 1873 374 1947 30,
388 1869 481 1935 stello

228 2034 279 2049 -·
321 2031 365 2041 -
389 1993 465 2058 odeo
479 1993 581 2078 spissa

227 2161 278 2173 ..
321 2120 373 2195 32,
389 2117 516 2202 quidam
529 2163 536 2178 .
551 2163 578 2179 ..

393 2225 494 2280 notato

229 2343 284 2421 47,
346 2348 376 2421 2,
391 2343 518 2430 denique

228 2475 277 2518 -'-
343 2473 373 2544 5,
389 2467 556 2532 instantius

227 2634 278 2646 -
342 2631 368 2643 -
392 2589 544 2676 olleoobot

394 2712 474 2754 mom

228 2850 278 2863 -
343 2815 373 2891 6,
390 2835 426 2878 eo
439 2813 493 2877 boo

228 2973 278 2989 -·
345 2936 374 3015 7,
389 2939 423 3002 io
430 2936 580 3023 promoti

394 3059 466 3102 ooo.
482 3083 509 3103 ..
526 3037 580 3101 bo-

394 3136 461 3201 boos

227 3299 278 3313 ...
323 3262 374 3334 10,
382 3258 562 3343 feriendum

228 3421 278 3434 -
322 3387 374 3462 11,
390 3383 443 3448 sod
456 3383 530 3470 quta

227 3549 280 3564 ...
324 3506 375 3585 17,
389 3529 500 3572 morem

227 3671 279 3688 ...
321 3633 583 3712 saeuo...

390 3753 479 3796 82th

227 3897 280 3912 --
318 3858 369 3933 26,
386 3855 471 3941 Eroo

227 4021 278 4036 ...
321 3979 374 4056 27,
390 4002 411 4043 o
425 3977 523 4042 simili

228 4147 278 4159 -
321 4108 374 4178 28,
391 4103 428 4166 de
442 4123 532 4187 reone
547 4149 576 4163 ..

393 4211 557 4286 respoetom

604 469 804 518 LEGTIONES
827 464 961 521 VARIAE.

631 654 755 719 ducere
772 653 960 720 festinavit.

630 779 717 843 deest.

631 901 750 964 multis
783 901 1064 965 Normannorum
1095 902 1229 980 occisis,
1255 924 1336 987 pro·

654 1020 770 1064 cerum
797 1000 984 1065 confractis
1006 1001 1240 1079 firmitatibus,
1262 1022 1338 1067 cas·

654 1098 736 1164 tello
776 1099 1085 1165 Montis-Gomerii
1122 1100 1257 1185 direpto
1300 1110 1337 1166 et

653 1197 891 1263 habitantibus
913 1200 1009 1263 ineo
1031 1199 1234 1277 interfectis,
1255 1199 1336 1283 igne

654 1306 688 1362 et
717 1297 808 1362 ferro
841 1298 1006 1362 finitimos
1035 1299 1237 1382 depopulati
1263 1301 1338 1365 fue·

654 1405 753 1476 nant3
777 1417 840 1461 rex
856 1405 984 1462 autem.

629 1519 818 1602 ingressus.

630 1644 722 1708 addit
747 1644 874 1722 Paris„
896 1646 1105 1709 constructis
1128 1645 1165 1708 in
1188 1646 1336 1711 confinio

653 1746 792 1808 castris.

630 1876 684 1933 tot
700 1869 823 1932 stellae.

630 1993 747 2057 mutuet.

631 2117 768 2200 quidem
786 2117 857 2180 labi
873 2118 910 2181 in
928 2117 1047 2182 Gallia
1063 2138 1150 2202 gens
1166 2125 1335 2203 stuperet,

652 2223 854 2300 notatoque.

630 2340 747 2422 igitur.

631 2464 862 2529 vehementer.

632 2589 688 2652 Ad
706 2588 771 2653 hoo
787 2589 974 2667 allegabat.

630 2810 746 2873 boot.

632 2932 840 3018 promotioni
854 2950 927 2995 suae
942 2931 1129 3015 episcopali
1145 2934 1334 3000 annuisset.

655 3032 948 3114 Archiepisoopus
963 3051 1045 3095 vero
1067 3031 1151 3095 nihil
1168 3034 1335 3099 interesse

653 3132 793 3196 ducens,

631 3255 784 3336 dignum.

630 3399 706 3444 oum
726 3386 854 3442 autem.

629 3503 882 3587 praescriptum.

630 3627 767 3693 dicebat
783 3673 792 3692 .
810 3675 818 3691 .
835 3674 844 3692 .
860 3626 914 3690 sui
930 3625 1040 3690 officii.

628 3849 714 3913 deest.

629 3973 772 4036 eandem
789 3973 970 4037 rationem.

629 4097 727 4178 regni
751 4097 817 4174 sui,
840 4098 946 4161 curiae
965 4096 1134 4161 Romanae
1151 4096 1207 4162 vel
1229 4116 1330 4182 papae

650 4198 816 4260 subesset.
