<?xml version="1.0" encoding="UTF-8"?>
<!DOCTYPE html PUBLIC "-//W3C//DTD XHTML 1.0 Transitional//EN"
    "http://www.w3.org/TR/xhtml1/DTD/xhtml1-transitional.dtd">
<html xmlns="http://www.w3.org/1999/xhtml" xml:lang="en" lang="en">
 <head>
  <title>
</title>
<meta http-equiv="Content-Type" content="text/html;charset=utf-8" />
  <meta name='ocr-system' content='tesseract 3.04.00' />
  <meta name='ocr-capabilities' content='ocr_page ocr_carea ocr_par ocr_line ocrx_word'/>
</head>
<body>
  <div class='ocr_page' id='page_1' title='image "appendixadroger00parigoog_0154.png"; bbox 0 0 3150 4992; ppageno 0'>
   <div class='ocr_carea' id='block_1_1' title="bbox 592 491 950 541">
    <p class='ocr_par' dir='ltr' id='par_1_1' title="bbox 592 491 950 541">
     <span class='ocr_line' id='line_1_1' title="bbox 592 491 950 541; baseline 0 -2"><span class='ocrx_word' id='word_1_1' title='bbox 592 491 791 540; x_wconf 74' lang='lat' dir='ltr'>encrlonus</span> <span class='ocrx_word' id='word_1_2' title='bbox 817 492 950 541; x_wconf 79' lang='lat' dir='ltr'>VARlAE.</span> 
     </span>
    </p>
   </div>
   <div class='ocr_carea' id='block_1_2' title="bbox 215 615 364 651">
    <p class='ocr_par' dir='ltr' id='par_1_2' title="bbox 215 615 364 651">
     <span class='ocr_line' id='line_1_2' title="bbox 215 615 364 651; baseline 0 -1"><span class='ocrx_word' id='word_1_3' title='bbox 215 615 273 651; x_wconf 74' lang='lat' dir='ltr'>Ple.</span> <span class='ocrx_word' id='word_1_4' title='bbox 313 615 364 651; x_wconf 77' lang='lat' dir='ltr'>ult.</span> 
     </span>
    </p>
   </div>
   <div class='ocr_carea' id='block_1_3' title="bbox 214 677 768 760">
    <p class='ocr_par' dir='ltr' id='par_1_3' title="bbox 214 677 768 760">
     <span class='ocr_line' id='line_1_3' title="bbox 214 677 768 760; baseline -0.007 -16"><span class='ocrx_word' id='word_1_5' title='bbox 214 681 268 754; x_wconf 82' lang='lat'>94,</span> <span class='ocrx_word' id='word_1_6' title='bbox 332 681 362 756; x_wconf 88' lang='lat'>3,</span> <span class='ocrx_word' id='word_1_7' title='bbox 381 677 445 741; x_wconf 74' lang='lat' dir='ltr'>trio</span> <span class='ocrx_word' id='word_1_8' title='bbox 616 677 768 760; x_wconf 84' lang='lat' dir='ltr'>triginta.</span> 
     </span>
    </p>
   </div>
   <div class='ocr_carea' id='block_1_4' title="bbox 214 798 1324 1208">
    <p class='ocr_par' dir='ltr' id='par_1_4' title="bbox 214 798 1323 967">
     <span class='ocr_line' id='line_1_4' title="bbox 214 798 1323 887; baseline 0.001 -19"><span class='ocrx_word' id='word_1_9' title='bbox 214 841 266 854; x_wconf 92' lang='lat'><em>-</em></span> <span class='ocrx_word' id='word_1_10' title='bbox 332 798 364 875; x_wconf 83' lang='lat'>7,</span> <span class='ocrx_word' id='word_1_11' title='bbox 380 801 460 886; x_wconf 77' lang='lat' dir='ltr'>cepit</span> <span class='ocrx_word' id='word_1_12' title='bbox 620 802 720 866; x_wconf 85' lang='lat' dir='ltr'>nimis</span> <span class='ocrx_word' id='word_1_13' title='bbox 771 803 884 867; x_wconf 91' lang='lat' dir='ltr'>elatus</span> <span class='ocrx_word' id='word_1_14' title='bbox 930 811 966 867; x_wconf 89' lang='lat' dir='ltr'>et</span> <span class='ocrx_word' id='word_1_15' title='bbox 1012 803 1184 885; x_wconf 91' lang='lat' dir='ltr'>gloriosus</span> <span class='ocrx_word' id='word_1_16' title='bbox 1232 805 1323 887; x_wconf 86' lang='lat' dir='ltr'><strong>cepit</strong></span> 
     </span>
     <span class='ocr_line' id='line_1_5' title="bbox 640 902 744 967; baseline 0.01 -2"><span class='ocrx_word' id='word_1_17' title='bbox 640 902 744 967; x_wconf 91' lang='lat' dir='ltr'>illico.</span> 
     </span>
    </p>

    <p class='ocr_par' dir='ltr' id='par_1_5' title="bbox 217 1023 1324 1104">
     <span class='ocr_line' id='line_1_6' title="bbox 217 1023 1324 1104; baseline 0.004 -16"><span class='ocrx_word' id='word_1_18' title='bbox 217 1063 267 1073; x_wconf 96' lang='lat'><em>-</em></span> <span class='ocrx_word' id='word_1_19' title='bbox 334 1029 365 1102; x_wconf 89' lang='lat'>8,</span> <span class='ocrx_word' id='word_1_20' title='bbox 379 1035 408 1089; x_wconf 73' lang='lat' dir='ltr'>ct</span> <span class='ocrx_word' id='word_1_21' title='bbox 420 1025 465 1088; x_wconf 86' lang='lat' dir='ltr'>sic</span> <span class='ocrx_word' id='word_1_22' title='bbox 484 1075 492 1090; x_wconf 91' lang='lat'><strong>.</strong></span> <span class='ocrx_word' id='word_1_23' title='bbox 509 1075 516 1088; x_wconf 93' lang='lat'><em>.</em></span> <span class='ocrx_word' id='word_1_24' title='bbox 536 1076 543 1090; x_wconf 91' lang='lat'>.</span> <span class='ocrx_word' id='word_1_25' title='bbox 560 1077 567 1090; x_wconf 94' lang='lat'><strong>.</strong></span> <span class='ocrx_word' id='word_1_26' title='bbox 620 1033 654 1090; x_wconf 93' lang='lat' dir='ltr'>et</span> <span class='ocrx_word' id='word_1_27' title='bbox 664 1027 714 1090; x_wconf 90' lang='lat' dir='ltr'>sic</span> <span class='ocrx_word' id='word_1_28' title='bbox 727 1026 838 1090; x_wconf 90' lang='lat' dir='ltr'>indies</span> <span class='ocrx_word' id='word_1_29' title='bbox 848 1025 969 1104; x_wconf 91' lang='lat' dir='ltr'>crevit,</span> <span class='ocrx_word' id='word_1_30' title='bbox 980 1028 1171 1091; x_wconf 86' lang='lat' dir='ltr'>seminante</span> <span class='ocrx_word' id='word_1_31' title='bbox 1184 1023 1324 1092; x_wconf 88' lang='lat' dir='ltr'>humani</span> 
     </span>
    </p>

    <p class='ocr_par' dir='ltr' id='par_1_6' title="bbox 382 1125 1322 1208">
     <span class='ocr_line' id='line_1_7' title="bbox 382 1125 1322 1208; baseline 0 -18"><span class='ocrx_word' id='word_1_32' title='bbox 382 1126 520 1191; x_wconf 68' lang='lat' dir='ltr'>iammoni</span> <span class='ocrx_word' id='word_1_33' title='bbox 642 1127 779 1208; x_wconf 86' lang='lat' dir='ltr'>generis</span> <span class='ocrx_word' id='word_1_34' title='bbox 806 1125 944 1190; x_wconf 91' lang='lat' dir='ltr'>inimico</span> <span class='ocrx_word' id='word_1_35' title='bbox 969 1127 1039 1190; x_wconf 93' lang='lat' dir='ltr'>odii</span> <span class='ocrx_word' id='word_1_36' title='bbox 1062 1126 1180 1190; x_wconf 92' lang='lat' dir='ltr'>lolium</span> <span class='ocrx_word' id='word_1_37' title='bbox 1201 1137 1236 1192; x_wconf 89' lang='lat' dir='ltr'>et</span> <span class='ocrx_word' id='word_1_38' title='bbox 1253 1129 1322 1191; x_wconf 93' lang='lat' dir='ltr'>dis·</span> 
     </span>
    </p>
   </div>
   <div class='ocr_carea' id='block_1_5' title="bbox 641 1226 1324 1391">
    <p class='ocr_par' dir='ltr' id='par_1_7' title="bbox 641 1226 1324 1391">
     <span class='ocr_line' id='line_1_8' title="bbox 643 1226 1324 1310; baseline 0.004 -21"><span class='ocrx_word' id='word_1_39' title='bbox 643 1226 769 1290; x_wconf 83' lang='lat' dir='ltr'>cordiae</span> <span class='ocrx_word' id='word_1_40' title='bbox 787 1226 919 1289; x_wconf 83' lang='lat' dir='ltr'>zizania</span> <span class='ocrx_word' id='word_1_41' title='bbox 935 1227 1138 1308; x_wconf 89' lang='lat' dir='ltr'>interreges</span> <span class='ocrx_word' id='word_1_42' title='bbox 1155 1235 1189 1292; x_wconf 91' lang='lat' dir='ltr'>et</span> <span class='ocrx_word' id='word_1_43' title='bbox 1203 1248 1324 1310; x_wconf 91' lang='lat' dir='ltr'>regna,</span> 
     </span>
     <span class='ocr_line' id='line_1_9' title="bbox 641 1325 1074 1391; baseline -0.002 -2"><span class='ocrx_word' id='word_1_44' title='bbox 641 1326 769 1389; x_wconf 90' lang='lat' dir='ltr'>bellum</span> <span class='ocrx_word' id='word_1_45' title='bbox 787 1325 1074 1391; x_wconf 88' lang='lat' dir='ltr'>cruentissimum.</span> 
     </span>
    </p>
   </div>
   <div class='ocr_carea' id='block_1_6' title="bbox 218 1449 1331 3520">
    <p class='ocr_par' dir='ltr' id='par_1_8' title="bbox 218 1449 1327 1930">
     <span class='ocr_line' id='line_1_10' title="bbox 218 1449 1325 1527; baseline 0.001 -14"><span class='ocrx_word' id='word_1_46' title='bbox 218 1493 270 1504; x_wconf 89' lang='grc'>--</span> <span class='ocrx_word' id='word_1_47' title='bbox 315 1453 366 1527; x_wconf 92' lang='lat' dir='ltr'>ll,</span> <span class='ocrx_word' id='word_1_48' title='bbox 384 1450 479 1513; x_wconf 80' lang='lat' dir='ltr'>Oireo</span> <span class='ocrx_word' id='word_1_49' title='bbox 505 1449 570 1514; x_wconf 79' lang='lat' dir='ltr'>dios</span> <span class='ocrx_word' id='word_1_50' title='bbox 622 1449 724 1514; x_wconf 88' lang='lat' dir='ltr'>Circa</span> <span class='ocrx_word' id='word_1_51' title='bbox 741 1450 814 1512; x_wconf 92' lang='lat' dir='ltr'>dics</span> <span class='ocrx_word' id='word_1_52' title='bbox 831 1450 918 1515; x_wconf 85' lang='lat' dir='ltr'>istos</span> <span class='ocrx_word' id='word_1_53' title='bbox 932 1452 1085 1513; x_wconf 86' lang='lat' dir='ltr'>surrexit</span> <span class='ocrx_word' id='word_1_54' title='bbox 1098 1450 1325 1520; x_wconf 85' lang='lat' dir='ltr'>contradictio</span> 
     </span>
     <span class='ocr_line' id='line_1_11' title="bbox 383 1549 1324 1637; baseline -0.001 -24"><span class='ocrx_word' id='word_1_55' title='bbox 383 1550 456 1613; x_wconf 67' lang='lat' dir='ltr'>utos</span> <span class='ocrx_word' id='word_1_56' title='bbox 473 1597 502 1612; x_wconf 88' lang='lat'>..</span> <span class='ocrx_word' id='word_1_57' title='bbox 518 1550 568 1614; x_wconf 72' lang='lat' dir='ltr'>dc·</span> <span class='ocrx_word' id='word_1_58' title='bbox 642 1558 678 1614; x_wconf 88' lang='lat' dir='ltr'>et</span> <span class='ocrx_word' id='word_1_59' title='bbox 692 1549 770 1613; x_wconf 87' lang='lat' dir='ltr'>rixa</span> <span class='ocrx_word' id='word_1_60' title='bbox 784 1550 820 1614; x_wconf 92' lang='lat' dir='ltr'>in</span> <span class='ocrx_word' id='word_1_61' title='bbox 835 1550 976 1614; x_wconf 89' lang='lat' dir='ltr'>civitate</span> <span class='ocrx_word' id='word_1_62' title='bbox 993 1549 1250 1613; x_wconf 85' lang='lat' dir='ltr'>Londoniarum</span> <span class='ocrx_word' id='word_1_63' title='bbox 1272 1550 1324 1637; x_wconf 60' lang='lat'>5¹¹7</span> 
     </span>
     <span class='ocr_line' id='line_1_12' title="bbox 387 1649 1327 1732; baseline 0.001 -20"><span class='ocrx_word' id='word_1_64' title='bbox 387 1650 464 1713; x_wconf 77' lang='lat' dir='ltr'>rimo</span> <span class='ocrx_word' id='word_1_65' title='bbox 481 1650 569 1713; x_wconf 75' lang='lat' dir='ltr'>tertio</span> <span class='ocrx_word' id='word_1_66' title='bbox 644 1657 697 1713; x_wconf 89' lang='lat' dir='ltr'>ter</span> <span class='ocrx_word' id='word_1_67' title='bbox 719 1667 891 1732; x_wconf 83' lang='lat' dir='ltr'><strong>pauperes</strong></span> <span class='ocrx_word' id='word_1_68' title='bbox 915 1656 951 1713; x_wconf 91' lang='lat' dir='ltr'>et</span> <span class='ocrx_word' id='word_1_69' title='bbox 974 1649 1099 1713; x_wconf 84' lang='lat' dir='ltr'>divites</span> <span class='ocrx_word' id='word_1_70' title='bbox 1122 1651 1166 1712; x_wconf 94' lang='lat' dir='ltr'>ob</span> <span class='ocrx_word' id='word_1_71' title='bbox 1187 1657 1327 1713; x_wconf 88' lang='lat' dir='ltr'>contur-</span> 
     </span>
     <span class='ocr_line' id='line_1_13' title="bbox 386 1748 1324 1831; baseline 0.001 -20"><span class='ocrx_word' id='word_1_72' title='bbox 386 1748 535 1813; x_wconf 75' lang='lat' dir='ltr'>dolandos</span> <span class='ocrx_word' id='word_1_73' title='bbox 642 1749 818 1814; x_wconf 89' lang='lat' dir='ltr'>bationem</span> <span class='ocrx_word' id='word_1_74' title='bbox 834 1748 980 1830; x_wconf 82' lang='lat' dir='ltr'>tallagii,</span> <span class='ocrx_word' id='word_1_75' title='bbox 998 1749 1125 1831; x_wconf 91' lang='lat' dir='ltr'>quoda</span> <span class='ocrx_word' id='word_1_76' title='bbox 1142 1749 1246 1830; x_wconf 89' lang='lat' dir='ltr'>regiis</span> <span class='ocrx_word' id='word_1_77' title='bbox 1263 1750 1324 1812; x_wconf 92' lang='lat' dir='ltr'>mi-</span> 
     </span>
     <span class='ocr_line' id='line_1_14' title="bbox 384 1847 1325 1930; baseline 0 -18"><span class='ocrx_word' id='word_1_78' title='bbox 384 1847 566 1914; x_wconf 75' lang='lat' dir='ltr'>Nonomdris</span> <span class='ocrx_word' id='word_1_79' title='bbox 642 1849 760 1912; x_wconf 87' lang='lat' dir='ltr'>nistris</span> <span class='ocrx_word' id='word_1_80' title='bbox 785 1848 992 1930; x_wconf 80' lang='lat' dir='ltr'>exigebatur</span> <span class='ocrx_word' id='word_1_81' title='bbox 1012 1848 1055 1910; x_wconf 88' lang='lat' dir='ltr'>ad</span> <span class='ocrx_word' id='word_1_82' title='bbox 1080 1848 1154 1912; x_wconf 85' lang='lat' dir='ltr'>fisci</span> <span class='ocrx_word' id='word_1_83' title='bbox 1174 1868 1325 1914; x_wconf 90' lang='lat' dir='ltr'>commo·</span> 
     </span>
    </p>

    <p class='ocr_par' dir='ltr' id='par_1_9' title="bbox 642 1948 1331 3520">
     <span class='ocr_line' id='line_1_15' title="bbox 642 1948 1325 2033; baseline 0 -22"><span class='ocrx_word' id='word_1_84' title='bbox 642 1948 739 2025; x_wconf 90' lang='lat' dir='ltr'>dum;</span> <span class='ocrx_word' id='word_1_85' title='bbox 761 1948 945 2012; x_wconf 87' lang='lat' dir='ltr'>voluerunt</span> <span class='ocrx_word' id='word_1_86' title='bbox 960 1948 1049 2011; x_wconf 91' lang='lat' dir='ltr'>enim</span> <span class='ocrx_word' id='word_1_87' title='bbox 1063 1948 1325 2033; x_wconf 63' lang='lat' dir='ltr'>excellentiores</span> 
     </span>
     <span class='ocr_line' id='line_1_16' title="bbox 643 2046 1325 2130; baseline -0.004 -18"><span class='ocrx_word' id='word_1_88' title='bbox 643 2049 783 2124; x_wconf 91' lang='lat' dir='ltr'>civium,</span> <span class='ocrx_word' id='word_1_89' title='bbox 801 2047 1053 2130; x_wconf 88' lang='lat' dir='ltr'>quosMajores</span> <span class='ocrx_word' id='word_1_90' title='bbox 1071 2055 1107 2111; x_wconf 90' lang='lat' dir='ltr'>et</span> <span class='ocrx_word' id='word_1_91' title='bbox 1122 2046 1325 2111; x_wconf 88' lang='lat' dir='ltr'>Alderman-</span> 
     </span>
     <span class='ocr_line' id='line_1_17' title="bbox 644 2147 1326 2224; baseline 0 -14"><span class='ocrx_word' id='word_1_92' title='bbox 644 2167 707 2211; x_wconf 91' lang='lat' dir='ltr'>nos</span> <span class='ocrx_word' id='word_1_93' title='bbox 732 2147 889 2224; x_wconf 89' lang='lat' dir='ltr'>dicimus,</span> <span class='ocrx_word' id='word_1_94' title='bbox 906 2147 1000 2210; x_wconf 84' lang='lat' dir='ltr'>lacta</span> <span class='ocrx_word' id='word_1_95' title='bbox 1017 2147 1326 2211; x_wconf 86' lang='lat' dir='ltr'>communicatione</span> 
     </span>
     <span class='ocr_line' id='line_1_18' title="bbox 646 2245 1328 2327; baseline 0 -18"><span class='ocrx_word' id='word_1_96' title='bbox 646 2247 681 2310; x_wconf 92' lang='lat' dir='ltr'>in</span> <span class='ocrx_word' id='word_1_97' title='bbox 697 2266 760 2310; x_wconf 87' lang='lat' dir='ltr'>suo</span> <span class='ocrx_word' id='word_1_98' title='bbox 777 2245 955 2326; x_wconf 87' lang='lat' dir='ltr'>hustingo,</span> <span class='ocrx_word' id='word_1_99' title='bbox 972 2246 1105 2327; x_wconf 88' lang='lat' dir='ltr'>seipsos</span> <span class='ocrx_word' id='word_1_100' title='bbox 1121 2265 1261 2310; x_wconf 83' lang='lat' dir='ltr'>servare</span> <span class='ocrx_word' id='word_1_101' title='bbox 1275 2247 1328 2309; x_wconf 91' lang='lat' dir='ltr'>in·</span> 
     </span>
     <span class='ocr_line' id='line_1_19' title="bbox 645 2345 1328 2427; baseline 0 -19"><span class='ocrx_word' id='word_1_102' title='bbox 645 2346 784 2410; x_wconf 90' lang='lat' dir='ltr'>demnes</span> <span class='ocrx_word' id='word_1_103' title='bbox 805 2353 866 2408; x_wconf 87' lang='lat' dir='ltr'>aut</span> <span class='ocrx_word' id='word_1_104' title='bbox 882 2345 1004 2409; x_wconf 90' lang='lat' dir='ltr'>saltem</span> <span class='ocrx_word' id='word_1_105' title='bbox 1022 2346 1096 2408; x_wconf 88' lang='lat' dir='ltr'>sine</span> <span class='ocrx_word' id='word_1_106' title='bbox 1114 2346 1328 2427; x_wconf 84' lang='lat' dir='ltr'>gravamine,</span> 
     </span>
     <span class='ocr_line' id='line_1_20' title="bbox 646 2443 1328 2528; baseline -0.001 -19"><span class='ocrx_word' id='word_1_107' title='bbox 646 2453 681 2509; x_wconf 89' lang='lat' dir='ltr'>et</span> <span class='ocrx_word' id='word_1_108' title='bbox 711 2443 933 2528; x_wconf 86' lang='lat' dir='ltr'>pauperiores</span> <span class='ocrx_word' id='word_1_109' title='bbox 961 2444 1178 2509; x_wconf 88' lang='lat' dir='ltr'>vehementer</span> <span class='ocrx_word' id='word_1_110' title='bbox 1207 2446 1328 2527; x_wconf 86' lang='lat' dir='ltr'>exagi-</span> 
     </span>
     <span class='ocr_line' id='line_1_21' title="bbox 647 2544 1329 2626; baseline -0.001 -17"><span class='ocrx_word' id='word_1_111' title='bbox 647 2555 733 2609; x_wconf 91' lang='lat' dir='ltr'>tare.</span> <span class='ocrx_word' id='word_1_112' title='bbox 762 2544 939 2610; x_wconf 90' lang='lat' dir='ltr'>Willelmo</span> <span class='ocrx_word' id='word_1_113' title='bbox 955 2545 1074 2626; x_wconf 85' lang='lat' dir='ltr'>itaque</span> <span class='ocrx_word' id='word_1_114' title='bbox 1085 2544 1156 2608; x_wconf 85' lang='lat' dir='ltr'>filio</span> <span class='ocrx_word' id='word_1_115' title='bbox 1171 2544 1329 2623; x_wconf 86' lang='lat' dir='ltr'>Roberti,</span> 
     </span>
     <span class='ocr_line' id='line_1_22' title="bbox 647 2645 1328 2728; baseline -0.001 -19"><span class='ocrx_word' id='word_1_116' title='bbox 647 2652 877 2728; x_wconf 88' lang='lat' dir='ltr'>cognomento</span> <span class='ocrx_word' id='word_1_117' title='bbox 908 2649 1015 2708; x_wconf 89' lang='lat' dir='ltr'>‘cum</span> <span class='ocrx_word' id='word_1_118' title='bbox 1053 2645 1192 2720; x_wconf 86' lang='lat' dir='ltr'>Barba‚’</span> <span class='ocrx_word' id='word_1_119' title='bbox 1228 2645 1328 2728; x_wconf 90' lang='lat' dir='ltr'>cnjus</span> 
     </span>
     <span class='ocr_line' id='line_1_23' title="bbox 647 2744 1328 2826; baseline -0.001 -18"><span class='ocrx_word' id='word_1_120' title='bbox 647 2763 757 2825; x_wconf 88' lang='lat' dir='ltr'>genus</span> <span class='ocrx_word' id='word_1_121' title='bbox 795 2744 927 2807; x_wconf 90' lang='lat' dir='ltr'>avitum</span> <span class='ocrx_word' id='word_1_122' title='bbox 970 2746 1014 2808; x_wconf 93' lang='lat' dir='ltr'>ob</span> <span class='ocrx_word' id='word_1_123' title='bbox 1056 2744 1328 2826; x_wconf 81' lang='lat' dir='ltr'>indignationem</span> 
     </span>
     <span class='ocr_line' id='line_1_24' title="bbox 646 2843 1326 2908; baseline -0.003 0"><span class='ocrx_word' id='word_1_124' title='bbox 646 2843 927 2908; x_wconf 89' lang='lat' dir='ltr'>Normannorum</span> <span class='ocrx_word' id='word_1_125' title='bbox 949 2843 1070 2907; x_wconf 91' lang='lat' dir='ltr'>radere</span> <span class='ocrx_word' id='word_1_126' title='bbox 1090 2845 1232 2908; x_wconf 88' lang='lat' dir='ltr'>barbam</span> <span class='ocrx_word' id='word_1_127' title='bbox 1246 2863 1326 2908; x_wconf 91' lang='lat' dir='ltr'>con-</span> 
     </span>
     <span class='ocr_line' id='line_1_25' title="bbox 649 2942 1330 3026; baseline -0.001 -19"><span class='ocrx_word' id='word_1_128' title='bbox 649 2944 803 3024; x_wconf 86' lang='lat' dir='ltr'>tempsit,</span> <span class='ocrx_word' id='word_1_129' title='bbox 833 2942 1084 3017; x_wconf 88' lang='lat' dir='ltr'>recalcitrante,</span> <span class='ocrx_word' id='word_1_130' title='bbox 1115 2950 1150 3006; x_wconf 88' lang='lat' dir='ltr'>et</span> <span class='ocrx_word' id='word_1_131' title='bbox 1180 2944 1330 3026; x_wconf 88' lang='lat' dir='ltr'>majores</span> 
     </span>
     <span class='ocr_line' id='line_1_26' title="bbox 649 3042 1330 3124; baseline -0.003 -18"><span class='ocrx_word' id='word_1_132' title='bbox 649 3043 802 3106; x_wconf 89' lang='lat' dir='ltr'>civitatis</span> <span class='ocrx_word' id='word_1_133' title='bbox 823 3062 887 3124; x_wconf 88' lang='lat' dir='ltr'>pro</span> <span class='ocrx_word' id='word_1_134' title='bbox 905 3042 980 3124; x_wconf 90' lang='lat' dir='ltr'>jam</span> <span class='ocrx_word' id='word_1_135' title='bbox 1005 3042 1099 3105; x_wconf 90' lang='lat' dir='ltr'>dicta</span> <span class='ocrx_word' id='word_1_136' title='bbox 1120 3060 1227 3105; x_wconf 90' lang='lat' dir='ltr'>causa</span> <span class='ocrx_word' id='word_1_137' title='bbox 1251 3061 1330 3124; x_wconf 89' lang='lat' dir='ltr'>pro-</span> 
     </span>
     <span class='ocr_line' id='line_1_27' title="bbox 650 3141 1331 3223; baseline 0.001 -20"><span class='ocrx_word' id='word_1_138' title='bbox 650 3141 779 3205; x_wconf 87' lang='lat' dir='ltr'>ditores</span> <span class='ocrx_word' id='word_1_139' title='bbox 796 3141 926 3204; x_wconf 92' lang='lat' dir='ltr'>domini</span> <span class='ocrx_word' id='word_1_140' title='bbox 940 3141 1031 3223; x_wconf 87' lang='lat' dir='ltr'>regis</span> <span class='ocrx_word' id='word_1_141' title='bbox 1048 3141 1236 3216; x_wconf 86' lang='lat' dir='ltr'>vocitante,</span> <span class='ocrx_word' id='word_1_142' title='bbox 1254 3149 1331 3204; x_wconf 90' lang='lat' dir='ltr'>orta</span> 
     </span>
     <span class='ocr_line' id='line_1_28' title="bbox 650 3240 1331 3322; baseline -0.001 -18"><span class='ocrx_word' id='word_1_143' title='bbox 650 3248 703 3304; x_wconf 90' lang='lat' dir='ltr'>est</span> <span class='ocrx_word' id='word_1_144' title='bbox 719 3240 842 3304; x_wconf 87' lang='lat' dir='ltr'>seditio</span> <span class='ocrx_word' id='word_1_145' title='bbox 860 3241 977 3322; x_wconf 87' lang='lat' dir='ltr'>gravis</span> <span class='ocrx_word' id='word_1_146' title='bbox 997 3240 1033 3302; x_wconf 93' lang='lat' dir='ltr'>in</span> <span class='ocrx_word' id='word_1_147' title='bbox 1055 3240 1198 3303; x_wconf 90' lang='lat' dir='ltr'>civitate</span> <span class='ocrx_word' id='word_1_148' title='bbox 1221 3259 1331 3320; x_wconf 88' lang='lat' dir='ltr'>usque</span> 
     </span>
     <span class='ocr_line' id='line_1_29' title="bbox 651 3338 1330 3422; baseline -0.001 -18"><span class='ocrx_word' id='word_1_149' title='bbox 651 3340 695 3404; x_wconf 90' lang='lat' dir='ltr'>ad</span> <span class='ocrx_word' id='word_1_150' title='bbox 727 3358 825 3404; x_wconf 87' lang='lat' dir='ltr'>arma</span> <span class='ocrx_word' id='word_1_151' title='bbox 858 3338 1082 3422; x_wconf 88' lang='lat' dir='ltr'>capessenda.</span> <span class='ocrx_word' id='word_1_152' title='bbox 1133 3338 1330 3403; x_wconf 87' lang='lat' dir='ltr'>Willelmus</span> 
     </span>
     <span class='ocr_line' id='line_1_30' title="bbox 651 3437 1330 3520; baseline 0 -17"><span class='ocrx_word' id='word_1_153' title='bbox 651 3446 766 3503; x_wconf 89' lang='lat' dir='ltr'>autem</span> <span class='ocrx_word' id='word_1_154' title='bbox 783 3439 938 3503; x_wconf 92' lang='lat' dir='ltr'>infinitos</span> <span class='ocrx_word' id='word_1_155' title='bbox 956 3437 997 3502; x_wconf 91' lang='lat' dir='ltr'>de</span> <span class='ocrx_word' id='word_1_156' title='bbox 1015 3438 1277 3520; x_wconf 89' lang='lat' dir='ltr'>pauperioribus</span> <span class='ocrx_word' id='word_1_157' title='bbox 1295 3446 1330 3503; x_wconf 91' lang='lat' dir='ltr'>et</span> 
     </span>
    </p>
   </div>
   <div class='ocr_carea' id='block_1_7' title="bbox 649 3537 1429 3621">
    <p class='ocr_par' dir='ltr' id='par_1_10' title="bbox 649 3537 1429 3621">
     <span class='ocr_line' id='line_1_31' title="bbox 649 3537 1429 3621; baseline 0 -19"><span class='ocrx_word' id='word_1_158' title='bbox 649 3538 877 3602; x_wconf 87' lang='lat' dir='ltr'>mediocribus</span> <span class='ocrx_word' id='word_1_159' title='bbox 898 3547 1021 3602; x_wconf 91' lang='lat' dir='ltr'>contra</span> <span class='ocrx_word' id='word_1_160' title='bbox 1042 3537 1209 3621; x_wconf 90' lang='lat' dir='ltr'>majorem</span> <span class='ocrx_word' id='word_1_161' title='bbox 1230 3546 1265 3602; x_wconf 90' lang='lat' dir='ltr'>et</span> <span class='ocrx_word' id='word_1_162' title='bbox 1282 3539 1330 3602; x_wconf 97' lang='lat' dir='ltr'>al·</span> <span class='ocrx_word' id='word_1_163' title='bbox 1426 3605 1429 3612; x_wconf 73' lang='grc'><strong>,</strong></span> 
     </span>
    </p>
   </div>
   <div class='ocr_carea' id='block_1_8' title="bbox 649 3638 1336 4323">
    <p class='ocr_par' dir='ltr' id='par_1_11' title="bbox 649 3638 1336 4323">
     <span class='ocr_line' id='line_1_32' title="bbox 650 3638 1331 3715; baseline 0 -15"><span class='ocrx_word' id='word_1_164' title='bbox 650 3639 855 3702; x_wconf 89' lang='lat' dir='ltr'>dermannos</span> <span class='ocrx_word' id='word_1_165' title='bbox 868 3639 1008 3702; x_wconf 87' lang='lat' dir='ltr'>exacuit</span> <span class='ocrx_word' id='word_1_166' title='bbox 1017 3644 1053 3702; x_wconf 92' lang='lat' dir='ltr'>et</span> <span class='ocrx_word' id='word_1_167' title='bbox 1066 3638 1252 3715; x_wconf 81' lang='lat' dir='ltr'>excitavit3</span> <span class='ocrx_word' id='word_1_168' title='bbox 1270 3638 1331 3701; x_wconf 87' lang='lat' dir='ltr'>sed</span> 
     </span>
     <span class='ocr_line' id='line_1_33' title="bbox 649 3737 1332 3821; baseline 0 -21"><span class='ocrx_word' id='word_1_169' title='bbox 649 3757 711 3820; x_wconf 89' lang='lat' dir='ltr'>per</span> <span class='ocrx_word' id='word_1_170' title='bbox 732 3738 970 3821; x_wconf 85' lang='lat' dir='ltr'>pusillanimes</span> <span class='ocrx_word' id='word_1_171' title='bbox 995 3744 1030 3801; x_wconf 90' lang='lat' dir='ltr'>et</span> <span class='ocrx_word' id='word_1_172' title='bbox 1051 3737 1237 3820; x_wconf 87' lang='lat' dir='ltr'>degeneres</span> <span class='ocrx_word' id='word_1_173' title='bbox 1263 3737 1332 3800; x_wconf 93' lang='lat' dir='ltr'>dis-</span> 
     </span>
     <span class='ocr_line' id='line_1_34' title="bbox 649 3837 1332 3918; baseline 0 -18"><span class='ocrx_word' id='word_1_174' title='bbox 649 3838 801 3918; x_wconf 88' lang='lat' dir='ltr'>sipatum</span> <span class='ocrx_word' id='word_1_175' title='bbox 825 3846 879 3901; x_wconf 89' lang='lat' dir='ltr'>est</span> <span class='ocrx_word' id='word_1_176' title='bbox 898 3837 1077 3900; x_wconf 90' lang='lat' dir='ltr'>consilium</span> <span class='ocrx_word' id='word_1_177' title='bbox 1099 3837 1225 3900; x_wconf 90' lang='lat' dir='ltr'>civium</span> <span class='ocrx_word' id='word_1_178' title='bbox 1242 3837 1332 3900; x_wconf 91' lang='lat' dir='ltr'>Wil-</span> 
     </span>
     <span class='ocr_line' id='line_1_35' title="bbox 651 3935 1334 4001; baseline 0.001 -2"><span class='ocrx_word' id='word_1_179' title='bbox 651 3935 754 3999; x_wconf 91' lang='lat' dir='ltr'>lelmo</span> <span class='ocrx_word' id='word_1_180' title='bbox 786 3936 1096 4001; x_wconf 81' lang='lat' dir='ltr'>confoederatorum</span> <span class='ocrx_word' id='word_1_181' title='bbox 1134 3936 1177 3998; x_wconf 90' lang='lat' dir='ltr'>ad</span> <span class='ocrx_word' id='word_1_182' title='bbox 1216 3937 1334 4000; x_wconf 85' lang='lat' dir='ltr'>resist-</span> 
     </span>
     <span class='ocr_line' id='line_1_36' title="bbox 650 4035 1333 4119; baseline 0.001 -21"><span class='ocrx_word' id='word_1_183' title='bbox 650 4036 775 4098; x_wconf 90' lang='lat' dir='ltr'>endum</span> <span class='ocrx_word' id='word_1_184' title='bbox 792 4037 946 4117; x_wconf 91' lang='lat' dir='ltr'>ipsorum</span> <span class='ocrx_word' id='word_1_185' title='bbox 963 4035 1111 4119; x_wconf 88' lang='lat' dir='ltr'>injuriae.</span> <span class='ocrx_word' id='word_1_186' title='bbox 1148 4035 1333 4100; x_wconf 87' lang='lat' dir='ltr'>Enervatis</span> 
     </span>
     <span class='ocr_line' id='line_1_37' title="bbox 649 4134 1336 4217; baseline 0.004 -21"><span class='ocrx_word' id='word_1_187' title='bbox 649 4136 756 4216; x_wconf 90' lang='lat' dir='ltr'>igitur</span> <span class='ocrx_word' id='word_1_188' title='bbox 782 4137 916 4198; x_wconf 88' lang='lat' dir='ltr'>civibus</span> <span class='ocrx_word' id='word_1_189' title='bbox 941 4134 1167 4198; x_wconf 85' lang='lat' dir='ltr'>mediocribus</span> <span class='ocrx_word' id='word_1_190' title='bbox 1193 4141 1229 4197; x_wconf 90' lang='lat' dir='ltr'>et</span> <span class='ocrx_word' id='word_1_191' title='bbox 1250 4155 1336 4217; x_wconf 91' lang='lat' dir='ltr'>pau-</span> 
     </span>
     <span class='ocr_line' id='line_1_38' title="bbox 649 4233 1334 4323; baseline 0 -26"><span class='ocrx_word' id='word_1_192' title='bbox 649 4235 852 4323; x_wconf 81' lang='lat' dir='ltr'>perioribus,</span> <span class='ocrx_word' id='word_1_193' title='bbox 892 4241 1001 4297; x_wconf 90' lang='lat' dir='ltr'>totum</span> <span class='ocrx_word' id='word_1_194' title='bbox 1039 4233 1240 4297; x_wconf 84' lang='lat' dir='ltr'>refuderunt</span> <span class='ocrx_word' id='word_1_195' title='bbox 1273 4255 1334 4303; x_wconf 82' lang='lat' dir='ltr'>rex</span> 
     </span>
    </p>
   </div>
   <div class='ocr_carea' id='block_1_9' title="bbox 0 0 1592 4992">
    <p class='ocr_par' dir='ltr' id='par_1_12' title="bbox 0 0 1592 4992">
     <span class='ocr_line' id='line_1_39' title="bbox 0 0 1592 4992; baseline 0 0"><span class='ocrx_word' id='word_1_196' title='bbox 0 0 1592 4992; x_wconf 95' lang='lat' dir='ltr'> </span> 
     </span>
    </p>
   </div>
  </div>
 </body>
</html>
