3150 4992
603 490 892 540 musouucrrou.
1262 478 1301 541 ix

194 741 247 803 Dr
269 739 461 804 coronatione
483 738 562 823 repis
581 738 731 804 thtolmt
754 741 871 825 prorui,
897 741 952 826 qui
983 742 1164 826 Ooroqooetor
1179 742 1304 827 Aopttae

298 838 427 915 dicitur,
439 839 617 923 interrupto
625 860 693 924 rope
702 840 863 917 Horoldo,
874 841 929 925 qui
943 840 1009 904 Doo
1017 841 1127 924 judico
1141 850 1169 905 ot
1182 841 1303 906 modico

292 946 424 1024 promotor
437 936 611 1022 0100011000
625 959 714 1002 soom
723 939 833 1024 periit.

249 1069 354 1133 Anno
367 1070 560 1133 Dominieae
571 1071 821 1134 incarnationis
836 1087 992 1147 nnxvn,
1003 1071 1211 1152 interempto
1220 1092 1301 1150 rege

198 1169 350 1251 superbo
377 1177 412 1232 et
434 1168 592 1254 talsidico
615 1169 788 1246 Haraldo,
814 1171 887 1233 dux
914 1169 1196 1234 Normannorum
1214 1170 1304 1235 Wil-

197 1268 323 1332 lelmus
350 1267 580 1350 triumphator
603 1269 820 1350 magnificus,
845 1270 988 1333 obtenta
1011 1277 1133 1333 contra
1154 1269 1221 1334 sibi
1243 1271 1303 1333 ad·

198 1374 378 1430 versantes
409 1367 589 1447 inopinata
613 1369 770 1445 victoria,
806 1369 925 1431 urbem
957 1368 1061 1432 laetus
1090 1369 1176 1434 adiit
1211 1368 1303 1432 Lon-

197 1466 389 1530 doniarum.
443 1466 513 1529 Ubi
539 1473 679 1548 propter
707 1485 805 1530 suam
838 1467 930 1548 piam
956 1467 1130 1550 justitiam
1164 1475 1200 1531 et
1224 1468 1301 1551 jus-

199 1573 272 1628 tam
295 1567 473 1648 pietatem,
505 1584 638 1630 necnon
669 1573 705 1629 et
738 1566 871 1629 militiae
898 1585 971 1630 suae
998 1567 1251 1642 strenuitatem,
1280 1587 1302 1631 a

200 1664 293 1728 clero
324 1673 360 1728 et
388 1664 517 1747 populo
551 1684 627 1728 cum
656 1685 792 1728 summa
817 1665 1032 1730 exultatione
1057 1673 1239 1750 susceptus
1265 1667 1301 1729 in

202 1765 309 1827 verbo
340 1764 498 1829 veritatis
539 1765 696 1828 omnihus
736 1783 855 1848 pacem
891 1772 927 1828 et
959 1766 1141 1829 veritatem
1175 1763 1301 1846 Anglis

202 1863 433 1928 denuntiavit.
486 1862 590 1927 Cives
608 1872 735 1939 autem,
760 1865 820 1946 qui
838 1865 883 1926 ab
905 1862 1065 1928 Haraldo
1091 1871 1239 1946 tyranno
1265 1872 1301 1929 et

201 1963 358 2043 improbo
376 1970 539 2026 exactore
557 1963 697 2047 injustis
713 1964 955 2027 exactionibus
970 1972 1007 2026 et
1022 1963 1176 2044 augariis
1193 1965 1302 2028 veluti

202 2063 248 2124 ab
275 2061 386 2124 altero
413 2061 603 2125 Boemredo
633 2049 887 2143 premebantur,
916 2063 1028 2144 ipsum
1053 2063 1174 2126 ducem
1201 2064 1302 2144 quasi

202 2160 351 2225 hostiam
362 2161 404 2223 de
416 2160 501 2224 caelo
512 2161 761 2238 transmissam,
773 2161 809 2223 in
819 2162 1017 2225 muneribus
1035 2161 1302 2243 pretiosissimis,

202 2259 238 2321 iu
271 2259 417 2323 classico
449 2277 706 2341 campanarum,
739 2261 1017 2341 processionibus
1050 2260 1301 2340 religiosorum,

202 2378 282 2421 cum
300 2359 392 2422 omni
408 2358 589 2422 alacritate
606 2359 828 2434 honorantes,
847 2359 958 2440 ipsum
983 2378 1098 2440 regem
1112 2360 1302 2422 commuui-

203 2465 258 2520 ter
300 2457 591 2534 acclamaverunt,
637 2457 898 2539 Dominicaeque
935 2457 1129 2522 nativitatis
1164 2457 1219 2521 die
1256 2460 1301 2521 ab

205 2556 370 2633 Aldredo,
397 2556 607 2620 Eboracensi
629 2556 899 2638 archiepiscopo,
922 2558 1021 2637 regni
1047 2557 1206 2620 diadema
1226 2577 1300 2620 000

204 2656 307 2737 cepit.
358 2655 491 2719 Timuit
514 2656 605 2718 enim
634 2656 699 2719 hoe
729 2674 854 2718 munus
886 2655 1156 2719 consecrationis
1182 2674 1204 2718 a
1229 2656 1300 2719 Sti·

203 2754 332 2836 gando,
360 2751 601 2818 Cautuarien‘si
629 2755 899 2837 archiepiscopo,
925 2755 1111 2836 suscipere,
1138 2774 1180 2818 00
1208 2754 1299 2835 quod

203 2853 384 2933 illegitime
430 2861 662 2934 occupaverat
696 2853 789 2917 111100
829 2852 1070 2919 excellentiam
1108 2852 1300 2934 diguitatis.

207 2953 353 3030 Deinde,
369 2952 539 3034 homagiis
554 2954 806 3034 amagnatibus
819 2970 897 3015 cum
915 2951 1091 3015 fidelitatis
1102 2952 1302 3035 juramento

203 3051 450 3132 obsidibusque
479 3051 661 3133 susceptis,
689 3052 725 3114 in
751 3070 861 3132 regno
894 3050 1118 3115 confirmatus
1145 3051 1303 3115 omnihus

204 3152 266 3233 qui
291 3151 335 3214 ad
364 3170 506 3232 regnum
537 3151 778 3231 aspiraverunt
808 3150 923 3213 sactus
946 3157 999 3213 est
1023 3149 1156 3213 terrori.
1210 3147 1303 3213 Civi-

206 3251 338 3314 tatibus
363 3249 470 3330 igitur
495 3256 530 3313 et
550 3248 673 3312 castris
696 3247 873 3330 dispositis
898 3247 1116 3329 propriisque
1137 3247 1303 3310 ministris

205 3349 389 3431 impositis,
422 3348 466 3411 ad
500 3347 749 3412 Normanniam
781 3365 860 3409 cum
888 3344 1064 3409 obsidibus
1098 3344 1238 3426 Angliae
1268 3353 1303 3410 et
1387 3416 1390 3420 Δ

205 3449 376 3512 thesauris
408 3446 595 3510 innumeris
634 3447 826 3528 navigavit,
858 3446 982 3528 quibus
1016 3445 1237 3509 incarceratis
1267 3453 1304 3510 et

207 3549 273 3612 sub
290 3554 387 3610 arcta
402 3544 560 3609 custodia
571 3545 746 3628 deputatis
763 3545 807 3607 ad
819 3542 984 3625 ι10011001
999 3544 1113 3608 denuo
1127 3545 1302 3608 remeavit.

208 3646 350 3728 Etjam,
366 3647 443 3709 Deo
458 3644 560 3720 irato,
578 3644 802 3725 tyrannizans
819 3643 1107 3707 commilitonibus
1123 3641 1195 3706 0010
1214 3642 1303 3706 Nor-

206 3745 343 3807 mannis
374 3751 484 3807 terras
506 3741 713 3824 Anglornm,
739 3742 861 3823 quise
888 3741 955 3824 ipsi
980 3748 1103 3822 sponte
1125 3740 1303 3817 dederant,

206 3843 335 3924 ingrati
351 3861 446 3906 more
461 3841 647 3919 distribuit,
666 3850 701 3905 et
716 3839 888 3904 modicum
908 3839 994 3903 illud
1013 3838 1105 3921 quod
1124 3838 1209 3901 illud
1225 3839 1301 3920 [010]

206 3947 432 4016 remanserat,
450 3941 515 4003 sub
532 3941 621 4024 jugo
645 3940 763 4022 posuit
787 3945 965 4020 perpetuae
980 3938 1181 4016 servitutis3
1214 3937 1305 4000 unde

207 4040 392 4104 nobiliores
425 4037 525 4119 regni
556 4038 735 4102 servitutis
764 4038 878 4118 ignari
905 4036 1078 4116 indignati
1109 4035 1304 4099 inconsola-

205 4139 321 4201 biliter
348 4137 546 4203 doluerunt.
592 4135 741 4215 Quidam
770 4135 878 4216 igitur
904 4133 948 4198 ad
975 4153 1090 4215 regem
1123 4132 1305 4197 Scotorum

207 4236 447 4314 Malcolmum,
479 4235 617 4318 quidam
651 4236 686 4298 iu
721 4235 881 4310 Daciam,
918 4233 1058 4315 quidam
1094 4231 1131 4295 10
1162 4231 1303 4295 Norwe·
