3150 4992
175 436 336 516 ‚252

282 578 340 615 m-
368 578 422 615 un.

274 637 348 717 167,
368 642 422 714 19,
438 639 589 704 ieailiter

439 739 580 824 equitem

273 864 348 938 168,
365 863 419 938 24,
434 862 529 926 everti

273 988 347 1062 169,
368 989 419 1064 10,
434 988 599 1052 excitantes

273 1108 348 1188 170,
385 1115 417 1189 9,
434 1113 613 1177 caesenae

269 1270 326 1302 ,-
367 1232 421 1311 27,
437 1235 592 1300 masaa&

275 1355 350 1433 171,
369 1360 422 1436 16,
438 1358 597 1422 didicisset

272 1523 324 1535 -
368 1483 420 1558 32,
429 1490 626 1566 pereneemnt

276 1605 351 1686 173,
390 1603 471 1683 7,10
493 1605 627 1670 nimiis

438 1714 481 1770 eet
496 1703 609 1770 abdae-
628 1745 631 1751 ,

439 1814 489 1869 tae

273 1965 326 1978 -
369 1926 422 2006 17,
437 1949 544 2016 aenae

275 2483 330 2498 -
371 2451 426 2523 29,
441 2447 553 2512 mattae

278 2568 354 2647 174,
388 2572 629 2650 naamanin

277 2729 330 2742 -
373 2692 426 2772 27,
444 2714 542 2758 caasa

277 2960 355 3088 175,
395 3011 559 3096 2,]000010

278 3177 334 3192 ...
396 3138 426 3213 5,
440 3134 576 3220 reyienes

443 3232 594 3299 abstineat

280 3400 331 3412 ..
376 3360 429 3435 12,
444 3357 565 3422 militia

394 3548 398 3552 Α
446 3455 623 3541 Hospitabb

281 3620 333 3632 -
377 3581 430 3655 30,
447 3577 633 3662 adseerede-

452 3674 559 3740 iebant

285 3796 358 3877 176,
378 3800 433 3877 16,
448 3798 539 3883 bajas

281 3959 333 3971 -
376 3924 431 4000 23,
447 3922 568 3987 anienis

281 4185 332 4197 -
376 4144 430 4218 29,
445 4142 622 4227 Interreaa

445 4251 494 4306 tas
507 4250 609 4305 aatem

638 451 841 502 LBG'HONES
866 451 998 501 VARIAE.

668 639 877 722 inquietans.

669 859 777 923 everti
793 857 849 923 vel
864 858 1076 941 naufragari.

671 978 912 1046 excitaverunt
931 988 977 1046 et.

672 1105 799 1170 obtulit
815 1106 976 1211 inimicis·

671 1228 852 1294 refutavit.

672 1353 904 1435 cognovisset.

672 1477 881 1560 perimendo.

673 1599 822 1664 vinculis
837 1607 891 1663 est
905 1599 1078 1663 addictus.

674 1918 768 1983 eata
792 1918 917 1996 Paris„
943 1937 1007 1982 rex
1037 1918 1263 2000 comperiens,
1285 1920 1380 2002 quod

698 2018 840 2103 quidam
873 2037 1013 2083 suorum
1047 2023 1242 2083 avertentes
1274 2038 1313 2082 se
1343 2027 1381 2083 et

697 2138 767 2181 non
806 2117 978 2183 servando
1017 2116 1119 2180 fidem
1157 2136 1199 2182 ac
1238 2125 1379 2200 pactum

698 2236 812 2294 sunm,
835 2219 872 2281 in
894 2236 953 2281 ore
975 2235 1039 2280 sno
1063 2223 1099 2280 et
1119 2216 1220 2281 corde
1244 2218 1381 2281 mentiti

699 2326 781 2382 sunt
798 2318 842 2382 ei.

675 2439 765 2505 deest.

676 2563 765 2629 deaei

676 2686 769 2751 addit
792 2686 919 2766 Paris„
948 2697 983 2753 et
1018 2689 1164 2752 aliorum
1196 2686 1381 2750 arduorum

701 2785 931 2868 negotiorum,
955 2807 1033 2871 quae
1059 2795 1168 2852 totam
1192 2788 1383 2870 tangebant

701 2885 1010 2950 christianitatem.

678 3009 889 3074 holosericis

679 3142 799 3199 carent
816 3132 950 3198 incolae.

680 3357 798 3422 denam.

682 3577 815 3641 deferre
841 3576 1013 3642 debebant
1039 3597 1117 3642 cuin
1139 3586 1275 3643 onustae
1298 3578 1386 3643 veli-

701 3676 855 3739 ficarent.

683 3794 902 3879 Anglicanae.

682 3922 837 4000 veniens,
863 3939 971 3986 cansa
997 3921 1118 3986 orandi
1140 3909 1281 4004 'A'ngliae
1304 3942 1387 4005 pro·

703 4027 942 4103 tomartyrem.

683 4146 924 4228 Interrogatus
939 4153 1053 4210 autem
1071 4145 1385 4229 interloquendum

704 4247 747 4310 ab
770 4265 851 4324 uno,
874 4247 934 4330 qui
958 4245 1024 4309 fuit
1045 4245 1075 4310 ei
1096 4245 1253 4314 assidens
1281 4245 1385 4309 colla·
