3150 4992
607 463 809 514 unomonss
835 466 969 513 unnim
1278 450 1343 513 201

284 649 379 714 Proh
395 649 529 733 pudor!
561 649 701 712 marcidi
722 649 858 725 ribaldi,
876 649 936 731 qui
956 648 999 712 de
1018 646 1124 711 armis
1142 648 1196 711 vel
1212 648 1336 711 libera-

283 749 382 813 litate
399 748 538 812 minime
554 756 703 827 norunt3
725 748 801 832 jam
819 749 885 813 toti
902 748 1029 811 mundo
1046 753 1186 828 propter
1203 767 1338 810 excom-

283 848 533 913 municationes
553 867 635 912 suas
651 849 774 912 volunt
795 848 975 923 dominari,
996 846 1166 928 ignobiles
1188 848 1336 910 usurarii

283 956 319 1012 et
339 949 546 1013 simoniales.
600 947 631 1011 Ο
654 954 822 1029 quantum
841 947 1025 1010 dissimiles
1044 945 1162 1023 Petro,
1188 946 1246 1028 qui
1272 947 1338 1009 sibi

284 1046 382 1112 Petri
397 1054 566 1131 usurpant
584 1054 717 1129 partem
733 1047 753 1110 l'
806 1046 863 1110 Sic
883 1047 992 1128 igitur
1007 1045 1286 1128 blasphemantes
1303 1053 1339 1110 et

282 1147 551 1225 recalcitrantes,
570 1153 737 1228 ponentes
754 1165 794 1211 os
811 1146 847 1209 in
864 1145 998 1210 caelum.

242 1285 298 1324 Plo.
322 1287 374 1324 [ΙΝ.

234 1351 307 1427 358,
347 1353 378 1422 6,
394 1358 462 1413 uni
634 1349 787 1430 patebat.

232 1509 283 1519 —
328 1476 378 1548 11,
398 1472 527 1559 inpressi
634 1472 793 1553 ingressi,
811 1479 846 1535 et
862 1477 985 1553 pontes
1000 1470 1112 1551 glacie
1127 1470 1284 1535 faciente.

232 1630 283 1640 —
328 1597 381 1670 15,
398 1593 609 1678 spoliationem
634 1594 876 1677 spoliationem
894 1601 929 1658 et
943 1594 1197 1662 irreverentem.

234 1754 285 1764 —
330 1714 581 1793 17,Domiuus..
633 1718 803 1782 Dominus
821 1719 925 1783 etiam
943 1719 1152 1802 Stephanus,
1168 1719 1222 1784 vii·
1242 1719 1335 1784 face·

396 1825 552 1881 estractus
655 1824 712 1881 tus
730 1824 766 1881 et
786 1818 930 1900 dapsilis
948 1825 983 1881 et
1000 1838 1062 1900 per
1078 1819 1194 1882 omnia
1212 1819 1335 1883 lauda·

653 1916 744 1994 bilis,
769 1918 814 1981 ab
835 1917 980 1982 ecclesia
1005 1918 1175 1982 violenter
1196 1926 1334 1981 extrac-

652 2023 721 2093 tus,
742 2017 868 2081 nobilis
890 2017 933 2081 ab
950 2016 1172 2098 ignobilibus,
1194 2018 1272 2100 pius
1289 2018 1333 2081 ab

652 2115 794 2198 impiis.⁸

231 2279 282 2290 -
326 2238 377 2313 l9,
396 2235 535 2302 uidelicet
555 2246 583 2302 ct
630 2237 747 2301 desunt.

232 2402 283 2412 -
328 2362 379 2437 21,
396 2360 480 2424 dotis
501 2409 532 2424 ..
551 2408 579 2424 ..
630 2361 721 2444 quod
742 2367 795 2424 cst
805 2359 999 2424 miserabile
1012 2359 1136 2438 relatu,
1148 2361 1239 2426 datis
1251 2381 1332 2426 een·

398 2460 522 2538 marcu,
538 2483 559 2524 a
652 2469 724 2525 tum
743 2460 879 2536 marcis,
898 2460 941 2554 ab
959 2459 1145 2542 exquisito.

230 2625 280 2636 -
325 2583 379 2659 26,
394 2581 557 2647 adoriam
631 2584 684 2648 vel
702 2585 890 2660 latuerunt,
907 2583 960 2647 vel
977 2583 1183 2648 Londinum.

395 2681 572 2746 Loudona‘u-

397 2803 469 2844 rum

229 2943 279 2955 -
325 2905 376 2980 29,
394 2903 502 2968 deinde
628 2902 718 2966 deest.

228 3061 279 3070 -
324 3028 375 3101 30,
392 3024 496 3090 usibus
519 3073 526 3090 .
546 3076 553 3090 .
571 3075 577 3089 .
628 3027 759 3108 rapinis
775 3032 965 3102 cesserunt,
982 3033 1018 3089 et
1034 3024 1166 3089 nobiles
1179 3032 1214 3089 et
1226 3046 1330 3108 gene-

393 3135 541 3190 cassaruat
650 3144 738 3190 rosae
759 3125 919 3188 mulieres
940 3124 1088 3189 ludibrio
1111 3127 1330 3207 exponeban-

649 3231 715 3287 tur.

230 3347 303 3424 359,
344 3351 374 3425 5,
391 3348 578 3435 sicutaop
626 3347 742 3411 desunt.

385 3459 480 3532 purat

226 3607 276 3616 —
343 3575 374 3649 9,
393 3572 516 3637 tundam
628 3567 871 3631 maledicentes
891 3567 982 3648 regis
1002 3567 1202 3645 versutiam,
1225 3570 1330 3651 tergi-

396 3673 534 3737 rauoaari
649 3668 875 3742 versationes,
898 3674 933 3732 et
951 3666 1201 3744 infidelitatem,
1225 3668 1327 3732 etdi·

649 3775 766 3831 centes
797 3767 947 3848 suspiria
979 3766 1197 3848 geminando,
1224 3768 1328 3832 ‘Veh

648 3866 711 3930 tibi
737 3865 930 3941 Johannes,
954 3885 1074 3946 regum
1097 3865 1228 3942 ultime,
1252 3864 1328 3930 An-

648 3966 783 4047 glorum
809 3965 1002 4048 principum
1021 3965 1244 4043 abominatio,
1264 3985 1327 4031 no·

647 4065 792 4129 bilitatis
807 4062 1012 4146 Anglicanae
1026 4062 1200 4128 confusio!
1228 4064 1327 4130 Heu!

647 4161 777 4246 Anglia
790 4163 865 4247 jam
881 4169 1019 4227 vastata
1036 4169 1070 4225 et
1084 4163 1232 4245 amplius
1246 4183 1326 4228 vas-

647 4261 774 4327 tanda!
803 4263 904 4327 Heu!
930 4260 1071 4343 Anglia,
1089 4260 1230 4344 Anglia,
1254 4282 1324 4325 om-
