<?xml version="1.0" encoding="UTF-8"?>
<!DOCTYPE html PUBLIC "-//W3C//DTD XHTML 1.0 Transitional//EN"
    "http://www.w3.org/TR/xhtml1/DTD/xhtml1-transitional.dtd">
<html xmlns="http://www.w3.org/1999/xhtml" xml:lang="en" lang="en">
 <head>
  <title>
</title>
<meta http-equiv="Content-Type" content="text/html;charset=utf-8" />
  <meta name='ocr-system' content='tesseract 3.04.00' />
  <meta name='ocr-capabilities' content='ocr_page ocr_carea ocr_par ocr_line ocrx_word'/>
</head>
<body>
  <div class='ocr_page' id='page_1' title='image "appendixadroger00parigoog_0031.png"; bbox 0 0 3150 4992; ppageno 0'>
   <div class='ocr_carea' id='block_1_1' title="bbox 266 413 1000 485">
    <p class='ocr_par' dir='ltr' id='par_1_1' title="bbox 266 413 1000 485">
     <span class='ocr_line' id='line_1_1' title="bbox 266 413 1000 485; baseline 0.012 -9"><span class='ocrx_word' id='word_1_1' title='bbox 266 413 309 477; x_wconf 87' lang='lat'>10</span> <span class='ocrx_word' id='word_1_2' title='bbox 637 435 838 485; x_wconf 77' lang='lat' dir='ltr'>nnerronns</span> <span class='ocrx_word' id='word_1_3' title='bbox 865 436 1000 484; x_wconf 80' lang='lat' dir='ltr'>vnnrnt.</span> 
     </span>
    </p>
   </div>
   <div class='ocr_carea' id='block_1_2' title="bbox 267 556 1561 1007">
    <p class='ocr_par' dir='ltr' id='par_1_2' title="bbox 267 556 420 593">
     <span class='ocr_line' id='line_1_2' title="bbox 267 556 420 593; baseline 0.02 -3"><span class='ocrx_word' id='word_1_4' title='bbox 267 556 322 590; x_wconf 78' lang='lat' dir='ltr'><strong>PAG.</strong></span> <span class='ocrx_word' id='word_1_5' title='bbox 367 557 420 593; x_wconf 74' lang='lat' dir='ltr'>MN.</span> 
     </span>
    </p>

    <p class='ocr_par' dir='ltr' id='par_1_3' title="bbox 267 615 1561 1007">
     <span class='ocr_line' id='line_1_3' title="bbox 267 615 1560 707; baseline 0.005 -26"><span class='ocrx_word' id='word_1_6' title='bbox 267 615 320 694; x_wconf 83' lang='lat'>17,</span> <span class='ocrx_word' id='word_1_7' title='bbox 361 616 413 696; x_wconf 90' lang='grc' dir='ltr'>31,Ι</span> <span class='ocrx_word' id='word_1_8' title='bbox 426 639 617 704; x_wconf 70' lang='lat' dir='ltr'>saporatae-</span> <span class='ocrx_word' id='word_1_9' title='bbox 672 631 712 688; x_wconf 87' lang='lat' dir='ltr'>ut</span> <span class='ocrx_word' id='word_1_10' title='bbox 730 643 835 707; x_wconf 86' lang='lat' dir='ltr'>super</span> <span class='ocrx_word' id='word_1_11' title='bbox 855 615 1038 688; x_wconf 83' lang='lat' dir='ltr'>exactione</span> <span class='ocrx_word' id='word_1_12' title='bbox 1059 616 1239 706; x_wconf 84' lang='lat' dir='ltr'>praemissa</span> <span class='ocrx_word' id='word_1_13' title='bbox 1257 630 1374 705; x_wconf 86' lang='lat' dir='ltr'>posset</span> <span class='ocrx_word' id='word_1_14' title='bbox 1559 688 1560 699; x_wconf 63' lang='grc'>,</span> 
     </span>
     <span class='ocr_line' id='line_1_4' title="bbox 416 719 1561 837; baseline 0.003 -55"><span class='ocrx_word' id='word_1_15' title='bbox 416 719 496 783; x_wconf 75' lang='lat' dir='ltr'>tiorw</span> <span class='ocrx_word' id='word_1_16' title='bbox 693 743 771 787; x_wconf 91' lang='lat' dir='ltr'>cum</span> <span class='ocrx_word' id='word_1_17' title='bbox 792 723 871 788; x_wconf 90' lang='lat' dir='ltr'>aliis</span> <span class='ocrx_word' id='word_1_18' title='bbox 892 723 1058 800; x_wconf 88' lang='lat' dir='ltr'>conferre,</span> <span class='ocrx_word' id='word_1_19' title='bbox 1076 742 1158 805; x_wconf 89' lang='lat' dir='ltr'>quo,</span> <span class='ocrx_word' id='word_1_20' title='bbox 1176 723 1296 787; x_wconf 86' lang='lat' dir='ltr'>habita</span> <span class='ocrx_word' id='word_1_21' title='bbox 1313 722 1374 785; x_wconf 87' lang='lat' dir='ltr'>de·</span> <span class='ocrx_word' id='word_1_22' title='bbox 1559 752 1561 837; x_wconf 50' lang='lat' dir='ltr'>p</span> 
     </span>
     <span class='ocr_line' id='line_1_5' title="bbox 415 819 1372 906; baseline 0.001 -22"><span class='ocrx_word' id='word_1_23' title='bbox 415 819 583 884; x_wconf 69' lang='lat' dir='ltr'>manitius</span> <span class='ocrx_word' id='word_1_24' title='bbox 693 824 909 900; x_wconf 84' lang='lat' dir='ltr'><strong>liberatione,</strong></span> <span class='ocrx_word' id='word_1_25' title='bbox 939 823 1007 906; x_wconf 91' lang='lat' dir='ltr'>ipsi</span> <span class='ocrx_word' id='word_1_26' title='bbox 1037 824 1147 906; x_wconf 85' lang='lat' dir='ltr'><strong>possit</strong></span> <span class='ocrx_word' id='word_1_27' title='bbox 1179 822 1372 888; x_wconf 87' lang='lat' dir='ltr'>consultius</span> 
     </span>
     <span class='ocr_line' id='line_1_6' title="bbox 416 919 904 1007; baseline 0.01 -26"><span class='ocrx_word' id='word_1_28' title='bbox 416 919 594 1004; x_wconf 70' lang='lat' dir='ltr'>respondere</span> <span class='ocrx_word' id='word_1_29' title='bbox 693 924 904 1007; x_wconf 87' lang='lat' dir='ltr'>responderi.</span> 
     </span>
    </p>
   </div>
   <div class='ocr_carea' id='block_1_3' title="bbox 263 1044 1103 1618">
    <p class='ocr_par' dir='ltr' id='par_1_4' title="bbox 267 1044 840 1130">
     <span class='ocr_line' id='line_1_7' title="bbox 267 1044 840 1130; baseline 0.007 -24"><span class='ocrx_word' id='word_1_30' title='bbox 267 1046 318 1120; x_wconf 90' lang='lat'>18,</span> <span class='ocrx_word' id='word_1_31' title='bbox 381 1048 411 1122; x_wconf 87' lang='lat'>5,</span> <span class='ocrx_word' id='word_1_32' title='bbox 428 1044 484 1130; x_wconf 79' lang='lat' dir='ltr'>qai</span> <span class='ocrx_word' id='word_1_33' title='bbox 670 1048 730 1112; x_wconf 88' lang='lat' dir='ltr'>alii</span> <span class='ocrx_word' id='word_1_34' title='bbox 745 1067 840 1113; x_wconf 86' lang='lat' dir='ltr'>vero.</span> 
     </span>
    </p>

    <p class='ocr_par' dir='ltr' id='par_1_5' title="bbox 264 1169 759 1236">
     <span class='ocr_line' id='line_1_8' title="bbox 264 1169 759 1236; baseline 0.01 -5"><span class='ocrx_word' id='word_1_35' title='bbox 264 1203 315 1214; x_wconf 89' lang='lat'><strong>—</strong></span> <span class='ocrx_word' id='word_1_36' title='bbox 373 1206 400 1220; x_wconf 92' lang='lat'>-</span> <span class='ocrx_word' id='word_1_37' title='bbox 424 1169 528 1234; x_wconf 82' lang='lat' dir='ltr'>ewaeti</span> <span class='ocrx_word' id='word_1_38' title='bbox 668 1171 759 1236; x_wconf 78' lang='lat' dir='ltr'>deest.</span> 
     </span>
    </p>

    <p class='ocr_par' dir='ltr' id='par_1_6' title="bbox 264 1294 754 1378">
     <span class='ocr_line' id='line_1_9' title="bbox 264 1294 754 1378; baseline 0.012 -23"><span class='ocrx_word' id='word_1_39' title='bbox 264 1329 315 1338; x_wconf 93' lang='lat'><em>-</em></span> <span class='ocrx_word' id='word_1_40' title='bbox 360 1295 412 1370; x_wconf 96' lang='lat'>11,</span> <span class='ocrx_word' id='word_1_41' title='bbox 431 1294 486 1378; x_wconf 81' lang='lat' dir='ltr'>qwi</span> <span class='ocrx_word' id='word_1_42' title='bbox 500 1302 542 1358; x_wconf 79' lang='lat' dir='ltr'>ost</span> <span class='ocrx_word' id='word_1_43' title='bbox 669 1304 754 1361; x_wconf 86' lang='lat' dir='ltr'>erat.</span> 
     </span>
    </p>

    <p class='ocr_par' dir='ltr' id='par_1_7' title="bbox 263 1410 1103 1618">
     <span class='ocr_line' id='line_1_10' title="bbox 264 1410 1103 1503; baseline 0.006 -23"><span class='ocrx_word' id='word_1_44' title='bbox 264 1453 315 1463; x_wconf 85' lang='lat'><em>—</em></span> <span class='ocrx_word' id='word_1_45' title='bbox 360 1419 411 1494; x_wconf 85' lang='lat'>15,</span> <span class='ocrx_word' id='word_1_46' title='bbox 428 1426 567 1502; x_wconf 75' lang='lat' dir='ltr'>spectant</span> <span class='ocrx_word' id='word_1_47' title='bbox 668 1421 885 1503; x_wconf 84' lang='lat' dir='ltr'>spectabant,</span> <span class='ocrx_word' id='word_1_48' title='bbox 902 1439 990 1485; x_wconf 89' lang='lat' dir='ltr'>eum.</span> <span class='ocrx_word' id='word_1_49' title='bbox 1097 1410 1103 1417; x_wconf 39' lang='lat'>‘⁴</span> 
     </span>
     <span class='ocr_line' id='line_1_11' title="bbox 263 1541 938 1618; baseline 0.001 -14"><span class='ocrx_word' id='word_1_50' title='bbox 263 1577 315 1587; x_wconf 94' lang='lat'>—</span> <span class='ocrx_word' id='word_1_51' title='bbox 361 1541 413 1618; x_wconf 91' lang='lat'>16,</span> <span class='ocrx_word' id='word_1_52' title='bbox 431 1541 617 1605; x_wconf 70' lang='lat' dir='ltr'>concordent</span> <span class='ocrx_word' id='word_1_53' title='bbox 667 1543 938 1607; x_wconf 79' lang='lat' dir='ltr'><strong>concordabant.</strong></span> 
     </span>
    </p>
   </div>
   <div class='ocr_carea' id='block_1_4' title="bbox 265 1621 1147 1848">
    <p class='ocr_par' dir='ltr' id='par_1_8' title="bbox 265 1621 1147 1848">
     <span class='ocr_line' id='line_1_12' title="bbox 265 1621 1147 1752; baseline -0.001 -22"><span class='ocrx_word' id='word_1_54' title='bbox 265 1702 316 1713; x_wconf 94' lang='lat'><strong>—</strong></span> <span class='ocrx_word' id='word_1_55' title='bbox 360 1667 414 1743; x_wconf 88' lang='lat'>32,</span> <span class='ocrx_word' id='word_1_56' title='bbox 435 1674 616 1750; x_wconf 80' lang='lat' dir='ltr'>protomar·</span> <span class='ocrx_word' id='word_1_57' title='bbox 668 1667 933 1752; x_wconf 74' lang='lat' dir='ltr'>protomartyris</span> <span class='ocrx_word' id='word_1_58' title='bbox 951 1666 1089 1731; x_wconf 88' lang='lat' dir='ltr'>Albani.</span> <span class='ocrx_word' id='word_1_59' title='bbox 1144 1621 1147 1624; x_wconf 54' lang='lat'><strong>&gt;</strong></span> 
     </span>
     <span class='ocr_line' id='line_1_13' title="bbox 437 1766 876 1848; baseline -0.002 -19"><span class='ocrx_word' id='word_1_60' title='bbox 437 1766 518 1848; x_wconf 71' lang='lat' dir='ltr'>tyris</span> <span class='ocrx_word' id='word_1_61' title='bbox 873 1789 876 1794; x_wconf 93' lang='lat'>·</span> 
     </span>
    </p>
   </div>
   <div class='ocr_carea' id='block_1_5' title="bbox 264 1889 903 2217">
    <p class='ocr_par' dir='ltr' id='par_1_9' title="bbox 264 1889 903 2217">
     <span class='ocr_line' id='line_1_14' title="bbox 267 1889 869 1965; baseline 0.003 -15"><span class='ocrx_word' id='word_1_62' title='bbox 267 1890 318 1964; x_wconf 84' lang='grc'>19,</span> <span class='ocrx_word' id='word_1_63' title='bbox 378 1889 619 1965; x_wconf 61' lang='lat' dir='ltr'>adamando</span> <span class='ocrx_word' id='word_1_64' title='bbox 669 1889 869 1952; x_wconf 85' lang='lat' dir='ltr'>Lanfranci.</span> 
     </span>
     <span class='ocr_line' id='line_1_15' title="bbox 264 2011 756 2096; baseline 0 -20"><span class='ocrx_word' id='word_1_65' title='bbox 264 2047 316 2057; x_wconf 94' lang='lat'><strong>—</strong></span> <span class='ocrx_word' id='word_1_66' title='bbox 360 2014 413 2088; x_wconf 92' lang='lat'>22,</span> <span class='ocrx_word' id='word_1_67' title='bbox 421 2011 512 2096; x_wconf 78' lang='lat' dir='ltr'>josto</span> <span class='ocrx_word' id='word_1_68' title='bbox 667 2012 756 2076; x_wconf 73' lang='lat' dir='ltr'>deest.</span> 
     </span>
     <span class='ocr_line' id='line_1_16' title="bbox 265 2134 903 2217; baseline -0.005 -17"><span class='ocrx_word' id='word_1_69' title='bbox 265 2173 317 2184; x_wconf 95' lang='lat'><em>-</em></span> <span class='ocrx_word' id='word_1_70' title='bbox 360 2137 412 2213; x_wconf 88' lang='grc'>32,</span> <span class='ocrx_word' id='word_1_71' title='bbox 430 2135 527 2200; x_wconf 78' lang='lat' dir='ltr'>Haeo</span> <span class='ocrx_word' id='word_1_72' title='bbox 669 2134 903 2217; x_wconf 91' lang='lat' dir='ltr'>Rodolphum.</span> 
     </span>
    </p>
   </div>
   <div class='ocr_carea' id='block_1_6' title="bbox 260 2258 1110 2357">
    <p class='ocr_par' dir='ltr' id='par_1_10' title="bbox 260 2258 1110 2357">
     <span class='ocr_line' id='line_1_17' title="bbox 260 2258 1110 2357; baseline -0.004 -33"><span class='ocrx_word' id='word_1_73' title='bbox 260 2265 318 2346; x_wconf 89' lang='grc'>20,</span> <span class='ocrx_word' id='word_1_74' title='bbox 382 2261 412 2342; x_wconf 88' lang='lat'>6,</span> <span class='ocrx_word' id='word_1_75' title='bbox 438 2261 522 2326; x_wconf 77' lang='lat' dir='ltr'>vonit</span> <span class='ocrx_word' id='word_1_76' title='bbox 547 2261 618 2328; x_wconf 79' lang='lat' dir='ltr'>Iid-</span> <span class='ocrx_word' id='word_1_77' title='bbox 668 2260 901 2344; x_wconf 89' lang='lat' dir='ltr'>Ratisponam</span> <span class='ocrx_word' id='word_1_78' title='bbox 919 2258 1110 2357; x_wconf 82' lang='lat' dir='ltr'>contendit.</span> 
     </span>
    </p>
   </div>
   <div class='ocr_carea' id='block_1_7' title="bbox 265 2359 1081 3122">
    <p class='ocr_par' dir='ltr' id='par_1_11' title="bbox 265 2359 1081 3122">
     <span class='ocr_line' id='line_1_18' title="bbox 379 2359 595 2446; baseline 0 -21"><span class='ocrx_word' id='word_1_79' title='bbox 379 2359 381 2364; x_wconf 82' lang='grc'><strong>’</strong></span> <span class='ocrx_word' id='word_1_80' title='bbox 438 2361 595 2446; x_wconf 80' lang='lat' dir='ltr'>tiopoadm</span> 
     </span>
     <span class='ocr_line' id='line_1_19' title="bbox 265 2481 838 2561; baseline -0.002 -14"><span class='ocrx_word' id='word_1_81' title='bbox 265 2519 317 2531; x_wconf 91' lang='lat'>--</span> <span class='ocrx_word' id='word_1_82' title='bbox 382 2488 413 2561; x_wconf 92' lang='lat'>8,</span> <span class='ocrx_word' id='word_1_83' title='bbox 431 2484 605 2549; x_wconf 75' lang='lat' dir='ltr'>devastavit</span> <span class='ocrx_word' id='word_1_84' title='bbox 667 2481 838 2546; x_wconf 85' lang='lat' dir='ltr'>devastat.</span> 
     </span>
     <span class='ocr_line' id='line_1_20' title="bbox 266 2606 931 2688; baseline -0.003 -16"><span class='ocrx_word' id='word_1_85' title='bbox 266 2644 317 2654; x_wconf 91' lang='lat'><em>-</em></span> <span class='ocrx_word' id='word_1_86' title='bbox 362 2609 415 2688; x_wconf 89' lang='grc'>20,</span> <span class='ocrx_word' id='word_1_87' title='bbox 428 2607 496 2679; x_wconf 72' lang='lat' dir='ltr'>itta</span> <span class='ocrx_word' id='word_1_88' title='bbox 665 2606 759 2670; x_wconf 90' lang='lat' dir='ltr'>illius</span> <span class='ocrx_word' id='word_1_89' title='bbox 776 2607 931 2672; x_wconf 75' lang='lat' dir='ltr'>ditionis·</span> 
     </span>
     <span class='ocr_line' id='line_1_21' title="bbox 266 2731 1081 2816; baseline 0 -22"><span class='ocrx_word' id='word_1_90' title='bbox 266 2767 317 2777; x_wconf 89' lang='lat'>—</span> <span class='ocrx_word' id='word_1_91' title='bbox 362 2733 415 2809; x_wconf 93' lang='lat'>21,</span> <span class='ocrx_word' id='word_1_92' title='bbox 432 2753 491 2796; x_wconf 79' lang='lat' dir='ltr'>aad</span> <span class='ocrx_word' id='word_1_93' title='bbox 502 2731 617 2816; x_wconf 77' lang='lat' dir='ltr'>prodi·</span> <span class='ocrx_word' id='word_1_94' title='bbox 665 2731 859 2814; x_wconf 82' lang='lat' dir='ltr'>proditione</span> <span class='ocrx_word' id='word_1_95' title='bbox 873 2732 910 2794; x_wconf 91' lang='lat' dir='ltr'>in</span> <span class='ocrx_word' id='word_1_96' title='bbox 926 2750 975 2795; x_wconf 87' lang='lat' dir='ltr'>se.</span> <span class='ocrx_word' id='word_1_97' title='bbox 1077 2736 1081 2740; x_wconf 82' lang='grc'><em>“</em></span> 
     </span>
     <span class='ocr_line' id='line_1_22' title="bbox 432 2830 1039 2902; baseline 0.01 -6"><span class='ocrx_word' id='word_1_98' title='bbox 432 2830 513 2897; x_wconf 76' lang='lat' dir='ltr'>tr&#39;ooo</span> <span class='ocrx_word' id='word_1_99' title='bbox 1034 2899 1039 2902; x_wconf 15' lang='grc' dir='ltr'><em>Α</em></span> 
     </span>
     <span class='ocr_line' id='line_1_23' title="bbox 265 2951 1050 3032; baseline -0.004 -13"><span class='ocrx_word' id='word_1_100' title='bbox 265 2991 317 3002; x_wconf 93' lang='grc'><strong>-</strong></span> <span class='ocrx_word' id='word_1_101' title='bbox 361 2957 413 3032; x_wconf 91' lang='grc'>25,</span> <span class='ocrx_word' id='word_1_102' title='bbox 436 2954 485 3020; x_wconf 80' lang='lat' dir='ltr'>ito</span> <span class='ocrx_word' id='word_1_103' title='bbox 511 2954 618 3020; x_wconf 72' lang='lat' dir='ltr'>eodo-</span> <span class='ocrx_word' id='word_1_104' title='bbox 666 2952 759 3016; x_wconf 89' lang='lat' dir='ltr'>viros</span> <span class='ocrx_word' id='word_1_105' title='bbox 775 2952 828 3016; x_wconf 91' lang='lat' dir='ltr'>ita</span> <span class='ocrx_word' id='word_1_106' title='bbox 842 2951 1050 3016; x_wconf 86' lang='lat' dir='ltr'>vulneravit.</span> 
     </span>
     <span class='ocr_line' id='line_1_24' title="bbox 431 3052 583 3122; baseline 0.02 -3"><span class='ocrx_word' id='word_1_107' title='bbox 431 3052 499 3120; x_wconf 79' lang='lat' dir='ltr'>rati</span> <span class='ocrx_word' id='word_1_108' title='bbox 511 3063 583 3122; x_wconf 67' lang='lat' dir='ltr'>attat</span> 
     </span>
    </p>
   </div>
   <div class='ocr_carea' id='block_1_8' title="bbox 265 3176 976 3344">
    <p class='ocr_par' dir='ltr' id='par_1_12' title="bbox 265 3176 976 3344">
     <span class='ocr_line' id='line_1_25' title="bbox 265 3176 976 3258; baseline -0.004 -14"><span class='ocrx_word' id='word_1_109' title='bbox 265 3217 317 3231; x_wconf 84' lang='lat'>--</span> <span class='ocrx_word' id='word_1_110' title='bbox 361 3182 413 3258; x_wconf 90' lang='lat'>29,</span> <span class='ocrx_word' id='word_1_111' title='bbox 442 3179 479 3244; x_wconf 80' lang='lat' dir='ltr'>ia</span> <span class='ocrx_word' id='word_1_112' title='bbox 501 3180 617 3244; x_wconf 74' lang='lat' dir='ltr'>Paeto·</span> <span class='ocrx_word' id='word_1_113' title='bbox 664 3178 720 3242; x_wconf 88' lang='lat' dir='ltr'>die</span> <span class='ocrx_word' id='word_1_114' title='bbox 739 3176 976 3245; x_wconf 73' lang='lat' dir='ltr'>Pentecosten.</span> 
     </span>
     <span class='ocr_line' id='line_1_26' title="bbox 432 3289 938 3344; baseline 0 0"><span class='ocrx_word' id='word_1_115' title='bbox 432 3289 531 3344; x_wconf 74' lang='lat' dir='ltr'>costen</span> <span class='ocrx_word' id='word_1_116' title='bbox 934 3301 938 3309; x_wconf 93' lang='lat'>·</span> 
     </span>
    </p>
   </div>
   <div class='ocr_carea' id='block_1_9' title="bbox 267 3401 857 3578">
    <p class='ocr_par' dir='ltr' id='par_1_13' title="bbox 267 3401 857 3578">
     <span class='ocr_line' id='line_1_27' title="bbox 267 3401 857 3488; baseline -0.002 -21"><span class='ocrx_word' id='word_1_117' title='bbox 267 3407 319 3479; x_wconf 91' lang='lat'>21,</span> <span class='ocrx_word' id='word_1_118' title='bbox 384 3407 415 3480; x_wconf 91' lang='lat'>8,</span> <span class='ocrx_word' id='word_1_119' title='bbox 443 3403 603 3488; x_wconf 78' lang='lat' dir='ltr'>eoaprodi·</span> <span class='ocrx_word' id='word_1_120' title='bbox 665 3401 857 3466; x_wconf 87' lang='lat' dir='ltr'>decertans.</span> 
     </span>
     <span class='ocr_line' id='line_1_28' title="bbox 433 3499 564 3578; baseline -0.008 -12"><span class='ocrx_word' id='word_1_121' title='bbox 433 3511 496 3578; x_wconf 80' lang='lat' dir='ltr'>tar,</span> <span class='ocrx_word' id='word_1_122' title='bbox 509 3499 564 3566; x_wconf 75' lang='lat' dir='ltr'>obt</span> 
     </span>
    </p>
   </div>
   <div class='ocr_carea' id='block_1_10' title="bbox 266 3612 1370 4084">
    <p class='ocr_par' dir='ltr' id='par_1_14' title="bbox 268 3612 1098 3832">
     <span class='ocr_line' id='line_1_29' title="bbox 268 3612 1098 3711; baseline -0.004 -22"><span class='ocrx_word' id='word_1_123' title='bbox 268 3663 319 3673; x_wconf 92' lang='lat'><em>-</em></span> <span class='ocrx_word' id='word_1_124' title='bbox 365 3623 649 3711; x_wconf 58' lang='lat' dir='ltr'>adportando</span> <span class='ocrx_word' id='word_1_125' title='bbox 664 3625 781 3709; x_wconf 86' lang='lat' dir='ltr'>posuit</span> <span class='ocrx_word' id='word_1_126' title='bbox 795 3643 904 3689; x_wconf 87' lang='lat' dir='ltr'>annos</span> <span class='ocrx_word' id='word_1_127' title='bbox 922 3623 1075 3689; x_wconf 89' lang='lat' dir='ltr'>Domini.</span> <span class='ocrx_word' id='word_1_128' title='bbox 1094 3612 1098 3616; x_wconf 63' lang='grc'><strong>’</strong></span> 
     </span>
     <span class='ocr_line' id='line_1_30' title="bbox 269 3742 754 3832; baseline -0.002 -19"><span class='ocrx_word' id='word_1_129' title='bbox 269 3752 322 3826; x_wconf 92' lang='grc'>22,</span> <span class='ocrx_word' id='word_1_130' title='bbox 382 3753 414 3826; x_wconf 87' lang='lat'>5,</span> <span class='ocrx_word' id='word_1_131' title='bbox 430 3742 525 3813; x_wconf 68' lang='grc' dir='ltr'>αονιει</span> <span class='ocrx_word' id='word_1_132' title='bbox 667 3748 754 3832; x_wconf 79' lang='lat' dir='ltr'>agri.</span> 
     </span>
    </p>

    <p class='ocr_par' dir='ltr' id='par_1_15' title="bbox 266 3948 1370 4084">
     <span class='ocr_line' id='line_1_31' title="bbox 302 3948 1368 4016; baseline -0.006 -14"><span class='ocrx_word' id='word_1_133' title='bbox 302 3949 417 4016; x_wconf 81' lang='lat' dir='ltr'>¹Acroe.]</span> <span class='ocrx_word' id='word_1_134' title='bbox 442 3951 485 4001; x_wconf 88' lang='lat' dir='ltr'>On</span> <span class='ocrx_word' id='word_1_135' title='bbox 503 3952 546 4000; x_wconf 91' lang='lat' dir='ltr'>the</span> <span class='ocrx_word' id='word_1_136' title='bbox 564 3952 643 4001; x_wconf 85' lang='lat' dir='ltr'>lower</span> <span class='ocrx_word' id='word_1_137' title='bbox 663 3951 761 4015; x_wconf 79' lang='lat' dir='ltr'>margin</span> <span class='ocrx_word' id='word_1_138' title='bbox 778 3952 808 4001; x_wconf 83' lang='lat' dir='ltr'>of</span> <span class='ocrx_word' id='word_1_139' title='bbox 830 3950 1094 4002; x_wconf 78' lang='lat' dir='ltr'>westmonasteriensi</span> <span class='ocrx_word' id='word_1_140' title='bbox 1105 3950 1199 4000; x_wconf 88' lang='lat' dir='ltr'>dieitur</span> <span class='ocrx_word' id='word_1_141' title='bbox 1211 3948 1368 4008; x_wconf 80' lang='lat' dir='ltr'>Domesdai3</span> 
     </span>
     <span class='ocr_line' id='line_1_32' title="bbox 266 4020 1370 4084; baseline -0.003 -14"><span class='ocrx_word' id='word_1_142' title='bbox 266 4023 309 4072; x_wconf 88' lang='lat' dir='ltr'>the</span> <span class='ocrx_word' id='word_1_143' title='bbox 328 4023 385 4072; x_wconf 87' lang='lat' dir='ltr'>Ms.</span> <span class='ocrx_word' id='word_1_144' title='bbox 401 4023 466 4084; x_wconf 82' lang='lat' dir='ltr'>Reg.</span> <span class='ocrx_word' id='word_1_145' title='bbox 479 4023 502 4070; x_wconf 89' lang='lat' dir='ltr'>is</span> <span class='ocrx_word' id='word_1_146' title='bbox 520 4024 622 4071; x_wconf 85' lang='lat' dir='ltr'>written</span> <span class='ocrx_word' id='word_1_147' title='bbox 637 4023 672 4082; x_wconf 81' lang='lat' dir='ltr'>by</span> <span class='ocrx_word' id='word_1_148' title='bbox 690 4022 733 4072; x_wconf 85' lang='lat' dir='ltr'>tha</span> <span class='ocrx_word' id='word_1_149' title='bbox 751 4023 805 4071; x_wconf 85' lang='lat' dir='ltr'>first</span> <span class='ocrx_word' id='word_1_150' title='bbox 830 4029 857 4072; x_wconf 83' lang='lat' dir='ltr'>et</span> <span class='ocrx_word' id='word_1_151' title='bbox 867 4023 961 4072; x_wconf 87' lang='lat' dir='ltr'>dieitur</span> <span class='ocrx_word' id='word_1_152' title='bbox 974 4022 1021 4084; x_wconf 84' lang='lat' dir='ltr'>sie,</span> <span class='ocrx_word' id='word_1_153' title='bbox 1037 4021 1106 4082; x_wconf 90' lang='lat' dir='ltr'>qnod</span> <span class='ocrx_word' id='word_1_154' title='bbox 1124 4021 1189 4068; x_wconf 90' lang='lat' dir='ltr'>nulli</span> <span class='ocrx_word' id='word_1_155' title='bbox 1207 4021 1290 4082; x_wconf 83' lang='lat' dir='ltr'>parcit</span> <span class='ocrx_word' id='word_1_156' title='bbox 1303 4020 1370 4069; x_wconf 87' lang='lat' dir='ltr'>sieut</span> 
     </span>
    </p>
   </div>
   <div class='ocr_carea' id='block_1_11' title="bbox 267 4085 1180 4225">
    <p class='ocr_par' dir='ltr' id='par_1_16' title="bbox 267 4085 1180 4225">
     <span class='ocr_line' id='line_1_33' title="bbox 267 4085 1180 4155; baseline -0.001 -15"><span class='ocrx_word' id='word_1_157' title='bbox 267 4093 345 4152; x_wconf 89' lang='lat' dir='ltr'>hand,</span> <span class='ocrx_word' id='word_1_158' title='bbox 365 4093 457 4141; x_wconf 83' lang='lat' dir='ltr'>‘Nota</span> <span class='ocrx_word' id='word_1_159' title='bbox 482 4092 550 4153; x_wconf 90' lang='lat' dir='ltr'>quod</span> <span class='ocrx_word' id='word_1_160' title='bbox 577 4097 637 4140; x_wconf 87' lang='lat' dir='ltr'>tune</span> <span class='ocrx_word' id='word_1_161' title='bbox 660 4091 743 4141; x_wconf 80' lang='lat' dir='ltr'>faetus</span> <span class='ocrx_word' id='word_1_162' title='bbox 766 4097 807 4142; x_wconf 86' lang='lat' dir='ltr'>est</span> <span class='ocrx_word' id='word_1_163' title='bbox 830 4108 877 4142; x_wconf 84' lang='lat' dir='ltr'>nee</span> <span class='ocrx_word' id='word_1_164' title='bbox 888 4085 1180 4155; x_wconf 81' lang='lat' dir='ltr'>magnusdiesjudieii.’</span> 
     </span>
     <span class='ocr_line' id='line_1_34' title="bbox 267 4161 806 4225; baseline 0.004 -15"><span class='ocrx_word' id='word_1_165' title='bbox 267 4177 374 4224; x_wconf 81' lang='lat' dir='ltr'>magnus</span> <span class='ocrx_word' id='word_1_166' title='bbox 384 4163 458 4225; x_wconf 83' lang='lat' dir='ltr'>liber,</span> <span class='ocrx_word' id='word_1_167' title='bbox 469 4163 514 4223; x_wconf 90' lang='lat' dir='ltr'>qui</span> <span class='ocrx_word' id='word_1_168' title='bbox 530 4163 632 4211; x_wconf 77' lang='lat' dir='ltr'>habitus</span> <span class='ocrx_word' id='word_1_169' title='bbox 647 4161 674 4210; x_wconf 87' lang='lat' dir='ltr'>in</span> <span class='ocrx_word' id='word_1_170' title='bbox 685 4162 806 4212; x_wconf 87' lang='lat' dir='ltr'>thesauro</span> 
     </span>
    </p>
   </div>
   <div class='ocr_carea' id='block_1_12' title="bbox 0 0 1582 4992">
    <p class='ocr_par' dir='ltr' id='par_1_17' title="bbox 0 0 1582 4992">
     <span class='ocr_line' id='line_1_35' title="bbox 0 0 1582 4992; baseline 0 0"><span class='ocrx_word' id='word_1_171' title='bbox 0 0 1582 4992; x_wconf 95' lang='lat' dir='ltr'> </span> 
     </span>
    </p>
   </div>
  </div>
 </body>
</html>
