3150 4992
616 483 818 539 uecrrouns
841 484 977 531 vanrm.
1314 468 1357 533 83

244 661 394 725 titudine
417 669 452 726 et
468 663 663 729 humilitate
681 664 812 729 Christi
834 664 992 728 sublatus
1013 672 1078 741 est,
1102 665 1248 747 fusoque
1271 684 1352 729 sau·

245 761 350 841 guine
384 763 459 826 sine
489 764 603 846 culpa,
634 766 786 828 omnium
821 765 934 846 culpae
970 784 993 827 a
1020 764 1198 830 servitutis
1229 765 1352 847 chyro-

244 861 378 942 grapho
394 869 476 926 sunt
489 863 623 927 deletae.
674 863 795 929 Alium
812 864 981 947 siquidem
1004 864 1250 946 redemptionis
1274 885 1348 928 mo·

245 959 325 1023 dum
345 968 482 1043 poterat
500 963 671 1027 Dominus
693 983 908 1046 procurasse,
932 963 991 1026 sed
1018 963 1134 1027 nullus
1161 983 1234 1028 suae
1252 965 1350 1027 boni-

246 1061 311 1122 tati
341 1067 538 1145 nostraeque
575 1063 679 1127 saluti
713 1064 960 1144 congruentior
996 1065 1209 1128 occurrebat.
1261 1063 1349 1127 Cum

246 1158 335 1221 enim
353 1159 456 1223 homo
466 1161 574 1245 juxta
594 1182 666 1226 suae
687 1163 983 1244 praevaricationis
1001 1163 1211 1244 exigentiam
1227 1171 1351 1244 captus

246 1277 269 1320 a
286 1257 424 1323 diabolo
443 1267 628 1338 teneretur,
647 1263 848 1344 postulabat
863 1260 1058 1344 justitient
1075 1282 1144 1325 non
1161 1263 1352 1344 eriperetur

246 1376 307 1437 per
320 1358 527 1424 violentiam.
568 1361 635 1424 Sed
650 1362 732 1443 quia
746 1382 808 1444 per
820 1362 1016 1443 superbiam
1029 1362 1150 1443 lapsus
1164 1369 1229 1438 est,
1244 1363 1348 1424 suasi

245 1465 373 1537 posset,
383 1459 442 1522 sed
462 1461 544 1543 quia
559 1479 622 1524 sua
635 1481 703 1524 non
720 1467 869 1542 poterat,
883 1460 996 1524 aliena
1011 1462 1134 1525 saltem
1154 1460 1348 1524 humilitate

244 1564 450 1639 resurgeret.
512 1559 570 1624 Ita
601 1558 760 1624 Christus
790 1562 966 1637 innocens,
996 1580 1098 1642 quem
1125 1578 1237 1641 agnus
1268 1580 1348 1641 pas-

244 1655 353 1720 chalis
369 1658 404 1719 in
427 1658 503 1740 lege
517 1659 787 1740 significaverat,
808 1680 846 1724 se
862 1679 925 1742 pro
942 1660 1041 1723 nobis
1058 1659 1205 1723 hostiam
1221 1658 1349 1722 obtulit
1408 1702 1411 1706 ,

243 1755 441 1820 salutarem.
495 1756 651 1841 Cumque
673 1759 731 1822 lex
752 1759 889 1842 Moysis
913 1777 1053 1839 capram
1069 1759 1126 1822 vel
1147 1777 1246 1822 ovem
1267 1777 1348 1821 con·

243 1855 415 1919 stituisset
436 1857 584 1939 pretium
607 1859 652 1922 ad
673 1859 942 1940 redemptionem
970 1856 1118 1921 hominis
1144 1877 1166 1920 a
1191 1865 1347 1939 peccato,

246 1952 416 2029 Christus
435 1975 613 2039 perquem
635 1958 749 2040 gratia
764 1965 800 2021 et
817 1959 947 2021 veritas
968 1957 1062 2020 facta
1085 1964 1150 2033 est,
1166 1956 1347 2020 attendens

244 2054 445 2118 umbratiles
476 2056 564 2138 legis
595 2057 807 2121 ceremonias
838 2077 907 2120 non
932 2055 1087 2120 sufficere
1114 2056 1159 2119 ad
1188 2055 1346 2130 salutem,

245 2151 462 2237 hominisque
488 2156 751 2220 aestimationem
778 2156 888 2238 pluris
915 2155 1045 2218 faciens
1070 2174 1173 2237 quam
1205 2156 1346 2235 sangui·

245 2272 323 2314 nem
355 2254 503 2337 alicujus
540 2255 626 2318 hirci
659 2263 719 2320 aut
750 2255 852 2318 vituli
883 2255 1099 2335 sanguinem,
1137 2262 1172 2317 et
1203 2261 1347 2316 mortem

244 2370 342 2416 suam
362 2373 425 2435 pro
453 2362 569 2419 nostre
595 2355 708 2418 salute
725 2354 883 2418 contulit.
929 2354 976 2418 Et
994 2353 1045 2416 sio
1064 2353 1169 2416 semel
1191 2351 1349 2416 introivit

244 2450 280 2514 in
307 2460 429 2517 sancta
461 2473 615 2517 summus
647 2461 681 2519 et
708 2473 811 2517 verus
841 2452 1010 2536 pontifex,
1036 2464 1167 2516 aeterna
1192 2451 1349 2534 redemp-

244 2552 337 2615 tione
352 2553 505 2617 inventa.
558 2552 706 2636 Aperuit
721 2555 841 2636 itaque
855 2552 981 2616 librum
996 2560 1031 2616 et
1045 2551 1151 2616 solvit
1167 2552 1348 2632 signacula

241 2652 316 2735 ejus
334 2652 388 2716 lec
402 2653 445 2716 de
460 2654 552 2717 tribu
563 2654 586 2717 J
588 2654 678 2733 uda3
702 2661 748 2730 et,
759 2653 852 2734 quod
865 2653 988 2716 hostiae
1003 2651 1132 2733 legales
1141 2670 1211 2714 non
1222 2660 1345 2733 potue·

243 2758 336 2829 runt,
355 2751 509 2832 gladium
526 2754 657 2817 amovit
673 2753 884 2830 versatilem,
905 2760 940 2816 et
960 2751 1132 2825 Peradisi,
1157 2750 1217 2832 qui
1237 2749 1347 2814 omni·

242 2852 307 2915 bus
337 2853 489 2934 antiquis
517 2853 657 2916 clausus
683 2853 808 2930 fuerat,
838 2851 1005 2917 reseravit
1030 2853 1235 2931 ingressum.
1287 2850 1345 2912 Sic

243 2950 326 3014 olim
339 2951 374 3013 in
389 2959 505 3016 monte
528 2953 653 3016 summi
668 2951 841 3035 pontificis
864 2951 953 3014 solet
967 2950 1030 3027 illi,
1046 2950 1106 3032 qui
1124 2949 1168 3012 ad
1185 2949 1345 3012 civitates

242 3049 367 3130 refugii
384 3051 598 3132 confugeret,
618 3070 761 3116 securus
785 3051 829 3114 ad
856 3050 997 3132 propria
1018 3049 1149 3112 reditus
1164 3047 1346 3128 indulgeri.

243 3148 335 3213 Olim
366 3159 595 3218 consueuerat
616 3151 718 3214 homo
738 3149 874 3213 causari
902 3155 937 3210 et
966 3148 1091 3223 dicere,
1118 3146 1212 3210 ‘Cur
1236 3145 1347 3225 exigit

242 3268 263 3312 a
280 3269 334 3312 me
351 3249 524 3314 Dominus
538 3250 686 3332 amplius
704 3268 809 3331 quam
823 3266 845 3311 a
862 3247 998 3310 caeteris
1011 3245 1204 3309 creaturis?
1252 3243 1346 3322 Quid

243 3369 305 3431 pro
321 3368 376 3411 me
393 3349 502 3413 fecitl
555 3348 648 3428 Quid
665 3368 728 3431 pro
744 3368 798 3411 me
810 3347 982 3411 laboravit
994 3346 1022 3410 t’
1075 3345 1178 3407 Dixit
1194 3350 1229 3406 et
1240 3342 1347 3406 ‘Fac-

242 3456 298 3513 tus
323 3467 400 3510 sum
426 3449 516 3512 sicut
535 3449 695 3531 jumenta
717 3455 752 3512 et
774 3449 927 3523 arbores,
953 3453 988 3509 et
1007 3451 1134 3509 caetera
1161 3443 1346 3520 universa3

230 3546 289 3610 *sic
322 3566 395 3611 suae
427 3549 593 3629 potentiue
624 3555 710 3610 nutu
739 3546 883 3628 soloque
911 3545 1080 3628 jussionis
1113 3542 1256 3606 arbitrio
1290 3561 1345 3604 me

241 3647 396 3710 creavit?
447 3647 514 3710 Sed
526 3647 601 3730 jam
619 3649 834 3711 obstructum
850 3652 905 3708 est
922 3664 961 3708 os
982 3643 1196 3726 loquentium
1215 3640 1345 3722 iniqua,

241 3754 276 3810 et
301 3746 376 3829 jam
408 3746 537 3810 homini
575 3746 793 3809 dissimulare
831 3765 900 3808 non
931 3744 1012 3807 licet
1045 3743 1177 3825 quanta
1209 3759 1272 3822 pro
1303 3759 1344 3803 eo

243 3847 412 3909 Dominus
435 3845 565 3922 fecerit,
591 3846 650 3926 qui
673 3853 713 3909 ut
729 3865 866 3909 servum
890 3843 1071 3907 redimeret
1096 3839 1235 3923 proprio
1255 3838 1345 3901 Filio

241 3965 309 4008 non
327 3947 506 4026 pepercit..
546 3945 656 4010 Porro
673 3945 708 4007 in
726 3945 790 4007 hac
807 3951 936 4007 nostrae
951 3941 1074 4005 salutis
1088 3938 1346 4021 dispensatione

241 4044 379 4108 dilectio
396 4044 534 4108 Christi·
550 4044 649 4108 nobis
677 4044 878 4107 medullitus
900 4041 1059 4104 intimata
1085 4047 1150 4114 est,
1176 4037 1236 4119 qui
1265 4056 1342 4098 oum

241 4143 277 4206 in
298 4143 376 4224 lege
399 4145 569 4226 Mosayca
594 4143 812 4207 dilectionem
836 4143 904 4205 Dei
922 4148 958 4204 et
983 4139 1130 4220 proximi
1155 4136 1288 4199 dederit
1309 4136 1345 4197 in

241 4243 426 4320 mandatis,
450 4244 591 4306 eandem
620 4244 656 4305 in
678 4242 797 4306 schola
827 4239 1037 4321 evangelicoe
1062 4236 1252 4317 disciplinae
1279 4233 1345 4296 fre-

1156 4343 1172 4376 s
1190 4332 1206 4375 2
