3150 4992
580 483 781 532 anrlorrns
803 484 934 533 VARlAE.

200 611 261 751 dd,
295 611 351 751 dd,
362 669 531 755 odjudc'co·
601 670 881 752 pronunciatum.

369 781 433 835 tum

200 931 254 945 —
299 896 350 971 23,
366 894 410 957 sio
492 914 556 977 pro
603 890 640 952 in
677 888 797 952 eodem
835 897 931 954 statu
967 898 1159 957 remaneret
1203 891 1313 956 donec

370 1013 407 1056 aa
625 987 853 1052 Eboracensis
868 990 1026 1065 ecclesia,
1032 992 1243 1075 episcopum,
1251 993 1312 1074 qui

263 1068 275 1090 ’
626 1107 689 1170 pro
706 1088 826 1150 eadem
842 1089 1081 1167 intercederet,
1097 1091 1253 1155 haberet.

201 1252 255 1266 —
300 1217 351 1290 32,
364 1222 558 1299 orywncotur
605 1210 873 1293 allegationibus
890 1211 997 1276 falsis.

369 1311 556 1377 tionibus...

372 1413 497 1496 stipatis

204 1571 258 1583 -
302 1534 560 1613 &adnitimur
604 1531 764 1596 refutatis
787 1533 880 1596 etin
906 1531 1052 1596 nihilum
1075 1500 1315 1627 evanescenti-

374 1683 381 1698 .
397 1682 405 1698 .
420 1681 428 1697 .
444 1635 509 1698 Dei
626 1633 690 1695 bus
705 1651 767 1714 per
782 1632 914 1714 scripta
930 1632 1200 1696 evidentissima.

208 1757 261 1832 56,
323 1758 352 1833 2,
368 1754 556 1818 molestam..
606 1755 762 1819 ecclesiae
783 1775 869 1833 suae,
892 1776 975 1836 rege
993 1757 1215 1834 concedente,
1237 1777 1313 1821 eam

372 1865 475 1918 wrm
628 1855 824 1919 libertatem
851 1856 1078 1938 comparavit,
1108 1866 1213 1939 quam
1239 1856 1314 1920 inn-

629 1954 767 2018 datores
781 1954 875 2017 illins
892 1975 956 2018 rex
973 1953 1150 2034 Alfredus,
1171 1963 1207 2020 et
1222 1956 1313 2036 filius

630 2052 706 2136 ejus
721 2053 934 2117 Eadwardus
948 2061 983 2117 et
997 2073 1214 2118 successores
1227 2055 1313 2140 ejus,

629 2151 696 2235 ipsi
712 2153 886 2235 quondam
902 2160 1156 2218 concesserant.

208 2310 260 2325 -
305 2275 358 2350 16,
373 2283 483 2359 quarto
610 2275 723 2339 tertio.

210 2395 265 2471 57,
304 2399 354 2474 31,
370 2407 479 2484 trcoyae
611 2398 767 2461 induciae.

213 2556 260 2568 -
303 2557 348 2570 —
372 2521 484 2605 ceperit
612 2520 905 2605 apprehenderit.-

211 2681 263 2694 -
307 2647 359 2721 33,
376 2645 488 2728 ceperit
611 2644 888 2728 apprehenderit.

213 2767 265 2841 59,
325 2768 356 2841 2,
371 2765 564 2828 cum...dis-
614 2769 711 2832 Deus
736 2775 863 2832 terram
883 2768 920 2830 in
943 2773 1013 2831 tres
1036 2775 1164 2851 partes,
1188 2770 1320 2833 scilicet

376 2864 504 2928 tinctum
636 2865 757 2932 Asiam
774 2913 781 2927 .
801 2915 809 2932 .
823 2914 830 2928 .
846 2866 1018 2935 distinxit.

214 2955 261 3034 ζ-
330 2988 359 3064 6,
367 2987 566 3051 constituisset
614 2989 805 3054 constituit.

212 3143 263 3158 ·-
329 3112 360 3187 9,
376 3111 412 3174 iu
441 3109 524 3173 breui
614 3131 731 3192 regna.
784 3111 852 3174 Sed
874 3111 961 3176 heu!
996 3118 1035 3174 ut
1052 3114 1173 3194 paucis
1194 3113 1320 3190 dicam,

378 3210 520 3293 temporis
637 3230 715 3276 cum
733 3210 910 3292 temporis.

214 3375 266 3388 -
310 3337 363 3414 12,
377 3336 452 3399 cic.
469 3385 476 3399 .
492 3384 499 3399 .
506 3337 565 3420 fo
615 3354 685 3398 non
702 3331 926 3408 inveniretur,
943 3330 1003 3414 qni
1019 3329 1137 3396 faciat.

381 3444 457 3499 corut

216 3596 264 3606 -
311 3560 362 3635 16,
376 3567 469 3622 scatet
485 3606 493 3621 .
510 3604 518 3620 .
535 3605 566 3622 ..
618 3562 729 3620 scatet
767 3565 802 3617 et
831 3552 999 3630 abundat,
1035 3552 1095 3635 qui
1136 3572 1199 3617 nec
1234 3553 1320 3617 citra

375 3657 526 3741 pudorem
638 3654 816 3737 pudorem.

217 3817 267 3830 -
312 3783 363 3857 26,
382 3789 479 3844 cudat
508 3801 568 3843 ooo
618 3797 687 3841 non
704 3776 875 3840 immerito
892 3796 956 3858 par
970 3794 1055 3838 esse.

381 3879 533 3942 innocentio

216 4037 269 4056 -
312 4002 363 4077 28,
381 3999 426 4063 idi
443 3998 530 4064 modo
619 3994 678 4056 ubi
691 3992 776 4076 Jam.

217 4159 268 4174 -
309 4123 365 4202 29,
381 4121 450 4197 Illi,
474 4121 557 4206 prod
621 4115 807 4179 Praeterea.

384 4221 471 4286 dolor
483 4224 494 4280 !
