3150 4992
276 445 326 507 xii
682 458 972 508 turnonucrrort.

274 639 419 720 antiqua
441 637 616 701 hominum
639 600 853 701 consuetudo
870 636 990 700 diatim
1006 636 1181 719 expiravit
1198 644 1233 700 et
1246 637 1376 701 sancti·

275 745 330 802 tas
348 731 566 820 ¹appr0bata.

392 907 564 973 thtatmns
578 929 632 972 rae
646 907 683 972 da
699 907 806 971 multis
821 906 954 972 mutto
969 908 1034 971 ruis
1046 908 1261 992 triunurltueit.

325 1031 430 1096 Anno
449 1031 590 1096 Domini
607 1047 742 1093 unxrx.
759 1038 929 1095 venerunt
941 1030 1081 1112 quidam
1098 1030 1142 1094 ad
1158 1050 1273 1113 regem
1288 1031 1376 1097 Wil-

276 1132 427 1208 lelmum,
442 1131 709 1195 Dunelmensem
724 1130 922 1212 episcopum
935 1127 1135 1210 Agelricum
1148 1130 1191 1194 de
1205 1130 1283 1214 ejus
1298 1150 1376 1213 pro·

277 1232 429 1296 motione
447 1229 673 1313 [proditione]
692 1238 919 1308 accusantes3
946 1229 1019 1310 qui,
1032 1229 1070 1292 in
1088 1229 1172 1293 villa
1188 1249 1267 1311 qnae
1283 1231 1375 1293 Bur-

277 1350 359 1413 gum
382 1330 510 1394 dicitur
524 1348 546 1392 a
560 1329 652 1410 regis
669 1327 838 1393 Willelmi
858 1328 1024 1393 ministris
1044 1336 1180 1410 captus,
1197 1328 1241 1392 ad
1260 1329 1375 1393 West·

279 1429 526 1493 monasterium
542 1427 668 1491 ductus
685 1435 739 1490 est
755 1428 819 1489 sub
835 1427 1001 1492 carcerali
1017 1428 1176 1491 custodia
1193 1427 1377 1492 detruden-

278 1528 354 1593 dus.
394 1528 440 1592 Et
457 1535 589 1610 postea,
607 1545 724 1589 mense
740 1524 915 1607 Augusto,
932 1526 1040 1590 frater
1054 1526 1130 1609 ejus
1146 1526 1375 1608 Egeluuinus,

279 1627 433 1710 ejusdem
455 1627 522 1690 loci
546 1626 659 1690 factus
680 1625 875 1707 episcopus,
893 1625 959 1690 fuit
975 1626 1011 1689 in
1029 1625 1272 1690 exterminium
1288 1627 1376 1690 rele-

279 1734 393 1809 gatus.
446 1724 577 1790 Eodem
599 1744 682 1788 vero
698 1743 790 1788 anno
811 1724 986 1788 interduo
1007 1723 1098 1788 festa
1116 1726 1228 1789 beatae
1251 1725 1376 1790 Mariae

236 1905 239 1910 .
278 1827 315 1889 in
348 1833 513 1890 autumno
543 1831 712 1887 venerunt
746 1823 815 1887 duo
847 1823 909 1886 filii
946 1823 1054 1887 Suani
1089 1832 1124 1887 et
1158 1823 1266 1888 frater
1298 1825 1374 1910 ejus

281 1925 451 1989 Olbernus
469 1923 512 1987 de
532 1943 640 2004 regno
656 1923 837 1986 Dacorum
856 1942 933 1986 cum
953 1921 1143 2003 cogenibus
1161 1924 1323 1987 trecentis
1339 1925 1377 1988 in

280 2024 459 2106 Anguem,
480 2031 520 2086 ut
540 2042 656 2106 regem
679 2021 892 2085 Willelmum
912 2021 956 2085 ab
976 2019 1108 2103 Anglia
1132 2024 1377 2103 exturbarent;

280 2143 425 2205 quorum
458 2122 627 2186 adventus
653 2140 731 2184 cum
756 2121 958 2202 divulgatus
981 2121 1115 2197 suisset,
1137 2121 1299 2186 exierunt
1325 2123 1376 2186 eis

279 2223 417 2287 obviam
450 2223 485 2285 in
517 2240 604 2303 pace
632 2219 793 2301 Edgarus
824 2218 987 2300 Etheling
1018 2219 1110 2282 filius
1138 2219 1314 2298 Edwardi,
1341 2229 1378 2286 et

279 2321 500 2387 Waltheosus
516 2339 640 2396 comes
656 2339 733 2383 cum
744 2318 862 2383 multis
877 2319 1028 2382 millibus
1044 2327 1265 2394 armatorum,
1281 2320 1379 2403 cupi-

279 2429 377 2485 entes
399 2439 517 2484 eorum
541 2419 672 2482 auxilio
695 2437 812 2498 regem
836 2418 1050 2482 Willelmnm
1075 2437 1199 2501 cepere
1218 2420 1274 2483 vel
1300 2439 1377 2484 car·

279 2520 349 2584 ceri
379 2526 545 2601 perpetuo
583 2517 792 2599 mancipare.
858 2517 969 2593 Tunc,
1000 2516 1130 2580 foedere
1161 2519 1376 2597 confirmato,

276 2619 410 2702 junctis
428 2617 558 2682 viribus
581 2615 624 2681 ad
649 2616 842 2680 Eboracum
859 2617 1034 2680 venientes
1056 2618 1174 2680 urbem
1197 2637 1276 2681 cum
1300 2639 1377 2683 cas·

280 2719 364 2782 tello
390 2714 596 2798 quantocius
621 2724 846 2798 occuparunt,
872 2724 908 2778 et
922 2716 1032 2780 multa
1052 2715 1178 2779 ibidem
1202 2717 1377 2782 hominum

279 2817 389 2880 millia
405 2821 635 2898 peremerunt,
645 2815 864 2899 majoresque
878 2816 972 2879 urbis
983 2822 1019 2879 et
1032 2815 1218 2896 provinciae
1229 2817 1377 2882 vinculis

280 2915 557 2996 constringentes
583 2915 792 2998 torquebant
808 2923 844 2978 et
871 2916 916 2979 ab
938 2914 988 2978 eis
1010 2934 1146 2979 ornnem
1163 2935 1282 2980 eornm
1298 2920 1377 2982 sno

281 3015 445 3080 stantiam
481 3015 708 3079 abstulerunt.
760 3013 915 3078 Tandem
941 3015 989 3078 ibi
1017 3013 1107 3078 inter
1137 3015 1206 3079 duo
1235 3016 1379 3082 flumina

281 3115 413 3180 Vasam
435 3121 471 3179 et
486 3115 615 3179 Trente
636 3114 829 3180 hiemantes
851 3115 964 3178 omnis
986 3113 1136 3196 regionis
1160 3115 1292 3181 incolas
1314 3119 1378 3181 im-

281 3213 545 3280 misericorditer
567 3213 783 3279 trucidarunt
802 3214 859 3278 vel
882 3214 926 3278 ad
948 3213 1157 3278 deditionem
1179 3226 1377 3297 coegerunt.

281 3315 348 3380 Sed
370 3315 580 3391 Willelmus,
601 3315 712 3378 hieme
728 3321 939 3388 transcursa,
957 3333 1036 3378 cum
1058 3315 1212 3379 maxima
1228 3325 1379 3382 armato-

281 3435 356 3478 rum
385 3415 486 3495 copia
515 3413 760 3495 superveniens
786 3413 945 3476 fortiores
977 3412 1127 3477 hostium
1157 3414 1293 3497 fugavit
1319 3423 1380 3480 aut

279 3514 383 3597 cepit,
410 3512 558 3576 minores
586 3519 701 3576 autem
727 3511 925 3578 trucidavit.
977 3512 1077 3578 Tunc
1100 3513 1272 3597 Edgarus‚
1297 3516 1378 3581 licet

280 3615 355 3695 ipse
387 3632 464 3676 cum
495 3613 619 3677 comite
652 3612 829 3677 Walteofo
857 3613 1123 3678 innumerabiles
1157 3613 1379 3680 Normannos

281 3712 518 3795 peremissent,
544 3712 588 3776 ad
611 3731 725 3794 regem
749 3712 963 3777 Willelmum
986 3713 1125 3778 veniens
1152 3716 1241 3778 etei
1268 3716 1380 3779 humi-

281 3813 385 3877 liatus
398 3831 518 3895 pacem
541 3813 740 3903 impetravit
753 3821 789 3877 et
804 3813 913 3876 eidem
929 3813 1013 3877 fecit
1026 3812 1240 3879 fidelitatem.
1293 3815 1381 3879 Erat

280 3913 370 3977 enim
385 3931 450 3976 rex
464 3912 661 3977 Willelmus
675 3912 901 3996 deprecabilis
918 3920 998 3995 post
1014 3913 1206 3979 victoriam.

747 4106 754 4137 ¹
767 4114 794 4158 et
803 4109 931 4159 honestes.
