3150 4992
1106 387 1128 426 Ο

274 463 340 535 220
648 481 850 528 nncmouns
872 480 1006 529 vanis.

276 605 334 644 PAG.
368 605 422 642 ult.

278 663 329 746 37,
392 669 421 744 6,
438 667 493 752 qui
559 687 627 730 corr·
677 675 746 731 ete
764 686 944 732 converso.

432 767 589 849 jacturam

277 927 329 937 -
394 894 424 968 8,
443 890 589 972 conjecta-
677 893 770 958 addit
781 893 907 970 Paris,
922 893 1024 958 Circa
1041 891 1102 956 illa
1119 899 1276 975 tempora
1292 911 1385 975 papa

444 1010 514 1053 ram
701 993 892 1070 Honorius
932 993 1007 1074 regi
1042 992 1239 1056 desiderans
1272 993 1384 1055 incre·

700 1100 854 1155 mentum
880 1093 916 1154 in
937 1093 1094 1168 virtutes,
1121 1093 1261 1174 scripsit
1288 1093 1321 1154 ei
1345 1093 1383 1154 in

700 1192 774 1255 haec
805 1194 931 1270 verba;
960 1191 1179 1268 ‘Honorius
1209 1192 1283 1272 regi
1310 1189 1383 1254 An-

701 1290 849 1372 glorum.
889 1291 976 1356 Cum
993 1298 1028 1355 te
1045 1299 1209 1372 tanquam
1227 1290 1383 1354 ecclesiae

701 1390 871 1454 Romanae
898 1391 1006 1453 filium
1035 1390 1215 1472 specialem
1247 1391 1383 1452 sincero

701 1489 885 1570 diligentes
897 1489 1020 1554 affectu
1037 1491 1217 1571 cupiamus
1235 1497 1274 1552 ut
1288 1488 1382 1570 apud

701 1589 816 1652 Deum
834 1597 869 1652 ot
886 1589 1040 1653 homines
1060 1588 1220 1672 proficias
1244 1589 1383 1670 sapien·

703 1689 753 1752 tia
790 1697 826 1753 et
856 1697 972 1765 aetate,
1008 1688 1154 1752 libenter
1186 1687 1383 1752 salubribus

702 1787 842 1852 monitis
882 1788 1137 1871 praemunimus,
1174 1807 1251 1870 qnae
1283 1793 1382 1850 tanto

702 1887 808 1951 altius
848 1888 943 1951 cordi
988 1895 1049 1950 tuo
1099 1887 1224 1951 debent
1272 1886 1381 1967 infigi,

702 1993 833 2068 quanto
865 2007 910 2050 ex
947 1987 1070 2069 maj0ri
1099 1994 1226 2050 nostrae
1256 1986 1383 2052 mentis

702 2085 882 2149 affectione
908 2086 1108 2168 procedunt.
1161 2086 1253 2164 Quia
1276 2085 1385 2166 igitur

704 2186 808 2248 timor
829 2186 971 2249 Domini
992 2192 1045 2249 est
1065 2186 1142 2249 fons
1158 2187 1250 2262 vitae,
1269 2185 1329 2267 qui
1343 2204 1382 2248 se

703 2292 842 2366 potatos
861 2305 883 2348 a
899 2292 1041 2367 peccato
1065 2303 1281 2366 praeservans
1303 2303 1384 2347 eru·

702 2384 754 2448 dit
780 2385 940 2461 salutem,
959 2391 1196 2467 praestansque
1221 2384 1381 2448 fiduciam

694 2483 926 2562 tortitudinis,
954 2503 1042 2566 quos
1067 2482 1172 2548 afficit
1194 2482 1306 2547 reddit
1337 2484 1382 2548 ah

703 2581 859 2646 hostibus
873 2585 998 2648 mentis
1013 2591 1048 2647 et
1059 2582 1210 2666 corporis
1224 2584 1380 2657 tutiores,

702 2682 922 2746 serenitatem
961 2684 1092 2764 regiam
1130 2702 1307 2746 monemus
1348 2689 1385 2746 et

702 2779 881 2844 hortamur
897 2789 1042 2858 attente,
1057 2789 1228 2865 quatenus
1243 2783 1287 2845 ab
1298 2782 1382 2845 ado-

703 2879 870 2943 lescentia
888 2887 950 2944 tua
971 2882 1087 2946 timori
1103 2882 1245 2946 Domini
1262 2901 1382 2944 assue-

703 2999 803 3042 scens
820 2981 856 3043 in
873 3000 914 3044 eo
935 2988 1054 3045 teneas
1076 2988 1111 3044 te
1132 2982 1311 3058 instanter,
1332 2987 1382 3044 te·

704 3098 771 3161 que
804 3099 826 3143 a
862 3081 955 3144 vitiis
989 3081 1166 3144 continens
1196 3079 1383 3144 virtutihus

703 3179 811 3241 imbui
836 3187 978 3260 satagas
1007 3180 1173 3256 studiose,
1203 3199 1383 3262 sponsam-

703 3298 770 3360 que
795 3277 925 3342 Christi
948 3277 1137 3357 ecclesiam,
1156 3285 1192 3342 et
1206 3279 1381 3343 ministros

701 3378 823 3459 ipsius,
847 3379 882 3441 in
907 3379 1030 3461 quihus
1054 3379 1145 3443 idem
1165 3378 1327 3442 honorari
1346 3385 1381 3442 et

701 3478 817 3558 sperni
839 3497 876 3541 se
894 3478 1029 3554 asserit,
1047 3477 1222 3541 humiliter
1237 3497 1381 3542 venere·

700 3576 769 3654 ris3
794 3583 832 3639 ut
848 3577 890 3641 de
913 3577 1026 3658 gratia
1048 3577 1084 3640 iri
1106 3578 1266 3658 gratiam,
1288 3577 1383 3641 etde
1422 3618 1429 3624 -

700 3674 829 3738 virtute
849 3675 1031 3756 proficiens
1054 3677 1089 3739 in
1108 3677 1284 3752 virtutem,
1301 3677 1383 3740 suh-

695 3773 828 3856 jeotum
849 3775 912 3837 tibi
936 3776 1103 3857 populum
1129 3776 1165 3838 in
1191 3775 1383 3858 pulchritu-

700 3872 779 3936 dine
805 3875 900 3956 pacis
925 3881 961 3938 et
982 3874 1100 3957 requie
1128 3875 1294 3958 opulenta
1318 3895 1383 3956 gu-

628 3970 632 3975 ’
700 3972 834 4050 bernes,
854 3980 888 4037 et
904 3973 976 4037 dies
994 3994 1099 4056 super
1117 3974 1189 4038 dies
1206 3975 1298 4056 regis
1320 3974 1382 4037 ad-

694 4071 821 4155 jiciens
843 4073 1014 4137 Dominus
1040 4093 1148 4137 annos
1175 4073 1382 4156 multiplicet

698 4172 780 4235 vitae
796 4180 878 4250 tuae,
893 4173 1101 4256 tandemque
1119 4173 1161 4236 de
1183 4180 1320 4238 terreno
1344 4180 1380 4237 et

697 4272 896 4336 transitorio
929 4279 963 4336 te
991 4273 1035 4337 ad
1066 4292 1211 4354 regnum
1241 4273 1377 4337 caeleste
