3150 4992
235 445 279 508 40
606 467 807 515 unouiouns
829 467 963 514 vinis.

236 585 292 621 PAO.
330 587 380 624 ult.

235 649 290 722 98,
353 647 384 726 7,
401 657 530 714 tenatur
636 652 821 716 indicabat.

236 812 286 821 —
352 773 384 846 8,
406 771 590 854 conspicuous
636 774 725 839 deest.

237 935 287 945 -
352 933 378 943 -
404 895 590 978 compotitur
638 896 915 961 animadvertens
930 896 1099 961 condolet.

237 1055 287 1068 -
333 1018 384 1092 10,
400 1016 499 1080 iuuit
637 1023 725 1088 deest.

237 1181 287 1191 —
330 1175 375 1187 -
388 1141 491 1222 serrat
501 1140 589 1224 puti-
638 1146 727 1210 ferat
741 1145 898 1228 patienti,
914 1145 960 1209 ad
975 1165 1092 1209 ursum
1109 1144 1258 1209 festinat.

403 1239 467 1303 euti

237 1403 286 1413 —
331 1362 385 1437 26,
399 1361 568 1446 complacue
638 1365 899 1446 complectente.

238 1525 288 1535 -
333 1485 385 1561 36,
401 1483 455 1548 sub
638 1487 727 1551 deest.

238 1649 287 1659 -
331 1606 591 1684 37,sollicitudiue
639 1610 862 1674 sollicitudini
880 1610 976 1674 illum
992 1609 1248 1684 commiserunt,
1260 1628 1340 1690 quo.

393 1756 400 1771 .
418 1754 425 1770 .
444 1709 557 1773 conec

241 1832 293 1904 99,
356 1834 385 1906 1,
396 1830 525 1915 plenum
640 1829 834 1910 pristinam.

239 1994 289 2003 -
335 1954 388 2026 20,
405 1953 571 2038 intorques
641 1971 710 2033 quo
726 1959 891 2035 tempore.

239 2117 289 2125 -
333 2076 386 2150 22,
396 2075 514 2158 positos
641 2083 803 2140 semotos.

241 2198 315 2274 100,
355 2201 387 2274 2,
403 2200 510 2264 Hi...
515 2222 592 2285 pro
643 2198 773 2262 Omnes
798 2207 914 2262 autem
941 2199 1017 2283 ejus
1047 2199 1152 2262 animi
1183 2207 1282 2262 erant
1310 2208 1346 2263 et

394 2300 541 2384 posituun'
663 2299 844 2362 sententiae
861 2305 913 2361 ut.

241 2460 291 2470 —-
358 2424 388 2496 3,
405 2423 526 2486 irruere
641 2425 821 2486 irruerent.

241 2584 291 2592 —
358 2546 389 2616 5,
406 2544 530 2608 lusidiae
641 2546 722 2611 doli.

241 2705 291 2715 -
359 2662 390 2739 7,
406 2667 461 2750 qui
479 2716 486 2729 .
502 2715 530 2730 ..
546 2669 593 2730 lu·
643 2671 777 2751 equites
800 2670 836 2733 in
858 2670 969 2750 primo
985 2670 1098 2733 noctis
1113 2669 1222 2745 initio,
1242 2670 1346 2732 armis

407 2767 518 2829 eructi
664 2769 864 2832 instructos.
960 2785 964 2790 ’

242 2856 292 2937 -ζ
355 2889 386 2962 8,
398 2887 488 2969 quusi
505 2887 558 2950 sub
644 2911 731 2956 cum.

242 3048 292 3058 -—
355 3009 386 3083 9,
403 3011 512 3092 euressi
643 3015 840 3079 eduxerunt
854 3021 900 3076 et.

242 3172 292 3182 -
339 3133 390 3207 13,
407 3133 528 3197 aciebus
643 3138 745 3202 acies

242 3295 292 3306 -
338 3255 594 3417 20,Ib'rocodeoti
643 3261 1024 3344 Appropinquantibus.

422 3375 458 3418 us

242 3517 293 3528 -
336 3514 379 3522 -
401 3477 447 3539 od
644 3483 718 3545 sibi.

243 3642 293 3650 -
339 3600 393 3674 23,
409 3599 594 3679 confidunt..
643 3622 831 3666 recurrere.

407 3717 563 3760 recursum

243 3863 293 3872 -
339 3820 391 3898 26,
407 3818 540 3882 solidari
643 3829 792 3904 cogunt3
816 3823 1145 3905 constringentibus.

396 3919 595 4002 comprimen-

394 4016 475 4080 tibus

244 4183 294 4192 -
339 4143 390 4216 28,
409 4139 595 4225 ovayoudi..
644 4160 682 4204 se
715 4140 903 4225 recipiendi
938 4139 1113 4205 licentiam
1145 4162 1213 4205 non
1245 4143 1350 4207 habe·

408 4237 587 4320 uufhrebout
668 4240 760 4302 bant.
