3150 4992
612 457 812 508 merlonus
835 458 968 508 valum.

294 641 455 707 horribile
482 641 589 718 dictu,
618 640 756 705 diabolo
787 639 1000 704 commendo.
1059 640 1120 704 Me
1151 641 1242 704 euim
1273 642 1349 705 Deo

293 743 387 818 vovi,
409 740 501 823 quod
522 761 590 804 non
616 742 760 818 sivistis,
785 741 890 803 immo
915 758 1080 823 sponsum
1098 760 1226 817 meum,
1248 761 1348 823 quem

294 842 396 922 elegi,
418 859 506 903 ausu
528 840 722 916 temerario,
748 841 964 903 immemores
986 859 1100 904 causae
1124 841 1237 904 sancti
1258 841 1350 905 Mat-

294 941 378 1005 thaei
395 939 554 1022 apostoli,
569 937 788 1022 zelotipatis.'

345 1040 403 1103 Sic
416 1039 525 1120 igitur
541 1041 672 1120 nuptiae
686 1037 893 1120 magnifieae,
910 1044 950 1100 ut
970 1037 1097 1115 decuit,
1121 1038 1350 1116 celebrantur,

296 1147 332 1203 et
362 1145 461 1202 tauto
496 1137 672 1202 ardentius
709 1139 842 1202 exarsit
872 1157 936 1200 rex
971 1137 1007 1200 in
1043 1137 1152 1220 ipsius
1185 1157 1350 1215 amorem,

297 1246 427 1321 quanto
457 1237 637 1302 scelestius
664 1236 865 1316 adamavit3
903 1236 1090 1299 secuudum
1122 1237 1206 1300 illud
1240 1238 1351 1323 poeti·

296 1357 387 1414 cum,
404 1330 597 1400 ‘Nitimur¹
625 1338 661 1399 iu
683 1337 830 1401 vetitum
857 1330 1011 1418 semper?
1062 1335 1213 1400 Peccato
1243 1337 1352 1418 igitur

297 1437 472 1517 exigente,

250 1577 325 1710 stig,
340 1575 395 1710 ild,
413 1636 568 1699 conuicti-o
646 1638 832 1700 commotio
850 1638 978 1701 subito.

248 1803 298 1814 -
343 1758 395 1836 27,
413 1757 564 1822 aarum
648 1762 826 1824 asserebat
841 1762 1039 1826 ventilatus.

248 1925 298 1936 -
343 1885 396 1958 29,
411 1881 497 1944 misit
513 1903 567 1945 rac
648 1901 713 1946 rex
746 1883 924 1948 Henricus
950 1886 1196 1950 conscientiam
1222 1884 1352 1948 babens

413 1980 571 2044 Heoricus
671 1983 909 2065 multipliciter
925 1985 1151 2049 cauteriatam
1170 1985 1274 2048 misit.

251 2104 324 2180 170,
365 2108 396 2180 l,
412 2125 441 2168 so
463 2102 593 2168 Itoderto
650 2106 732 2187 quia
745 2125 810 2170 rex
821 2107 895 2190 jam
910 2107 1205 2192 tyrannizaverat,
1223 2107 1355 2172 Rober-

414 2202 554 2268 subdidit
673 2211 709 2269 to
726 2205 885 2270 adhaesit.

250 2372 300 2383 -
367 2332 399 2402 3,
415 2328 549 2392 truderet
651 2330 810 2394 obviaret
825 2331 858 2394 ei
870 2331 1049 2396 hostiliter.

416 2429 532 2512 copioso

221 2567 302 2604 ·-
369 2555 400 2626 5,
416 2550 582 2615 dissidium
653 2547 747 2612 addit
784 2548 908 2626 Paris,
944 2548 1153 2631 colloquium
1193 2549 1356 2625 inierunt,

675 2667 751 2711 cum
778 2650 837 2731 pio
863 2656 898 2713 et
926 2650 1174 2731 circumspecto
1199 2649 1356 2726 consilio,

674 2754 833 2811 mutuum
849 2767 889 2811 ac
906 2748 1067 2830 generale
1082 2755 1128 2814 et.

253 2916 303 2927 -
371 2875 400 2948 6,
416 2881 590 2938 statuerumt
651 2871 888 2936 firmaverunt.

254 3037 305 3050 -
349 2998 401 3072 25,
415 3017 545 3080 prove..
556 3019 605 3060 ac-
652 2992 789 3057 difficile
805 3000 897 3058 esset
912 3001 1126 3077 expugnatu.

396 3096 605 3180 pdpoaodwm

254 3261 304 3272 -
350 3217 460 3294 19,αό
484 3219 606 3304 Aoplio
652 3237 698 3280 ex
712 3215 844 3299 Anglia
857 3216 1071 3299 proscripsit.

421 3319 574 3382 mauldoit

256 3440 331 3514 171,
350 3438 404 3514 17,
422 3441 537 3524 quilii
653 3437 744 3500 iuter
760 3456 860 3518 quos.

255 3601 307 3616 -
351 3565 402 3638 25,
415 3582 608 3646 quomodote»
655 3561 714 3642 qui
732 3560 938 3625 consecrari.

419 3682 508 3724 crare

256 3825 308 3838 -
352 3787 404 3859 30,
415 3783 567 3868 praesulo·
658 3782 733 3846 The
757 3781 899 3848 Cotton.
923 3783 999 3848 MS.
1024 3786 1122 3864 adds,
1140 3785 1247 3852 ‘Hoc
1270 3807 1363 3852 anno

424 3893 488 3948 tom
680 3881 843 3964 Rogerus
879 3883 924 3948 ad
961 3886 1197 3968 episcopatum
1237 3887 1360 3952 Sarum

678 3981 809 4046 electus
824 3979 899 4047 est?

377 4163 382 4192 ¹
399 4159 533 4232 Nitimur]
551 4167 558 4192 ‘
570 4164 683 4213 Nitimur
694 4165 719 4212 iu
732 4167 837 4214 vetitum
849 4179 948 4228 semper
958 4167 1125 4228 cupimusque
1136 4169 1247 4232 negata)

1025 4237 1103 4287 Ouid.
1115 4240 1174 4291 Am.
1188 4253 1227 4290 ur.
1239 4240 1273 4288 iv.
1286 4243 1326 4289 17.
