3150 4992
250 481 316 545 122
617 495 816 546 moriones
846 499 979 547 viarm.

251 622 308 658 PAG·
343 622 395 659 ult.

252 680 304 760 72,
344 687 399 761 29,
413 684 480 768 ipso
648 703 739 766 rege.

251 844 302 856 -
346 811 398 885 32,
415 808 564 872 honorare
647 809 830 874 honorare.
883 808 949 873 Ille
967 809 1040 873 dux
1056 807 1211 875 Austriae
1228 818 1351 898 postea

669 929 691 973 a
712 910 851 973 domino
876 928 969 992 papa
992 917 1028 974 et
1051 911 1211 975 omnibns
1236 911 1349 975 cardi-

669 1009 806 1073 nalibus
836 1010 1155 1073 excommunicatus
1184 1017 1249 1074 est.
1307 1009 1351 1073 In

669 1117 779 1172 morte
806 1116 919 1173 autem
945 1108 1027 1173 licet
1051 1129 1122 1173 non
1147 1109 1352 1174 satisfecerit

669 1206 713 1272 sd
735 1208 919 1286 cautelam,
948 1228 991 1271 ne
1015 1209 1052 1271 in
1077 1209 1352 1291 desperationem

668 1307 820 1383 caderet,
835 1307 879 1370 ab
895 1307 1072 1390 episcopis·
1082 1309 1154 1371 suis
1173 1308 1353 1372 absolutus

669 1407 755 1471 obiit
771 1406 1000 1486 horribiliter;
1021 1407 1069 1470 Oc.
1082 1416 1110 1471 et
1125 1408 1158 1470 0.

251 1528 302 1607 73,
365 1531 397 1605 4,
407 1537 599 1616 antequam..
648 1552 725 1614 quae
748 1531 865 1597 omnia
887 1538 969 1597 ante
990 1532 1227 1596 liberationem
1252 1551 1351 1596 suam

413 1631 585 1694 conveniret
669 1632 831 1709 solveret,
845 1633 976 1715 absque
985 1633 1147 1714 expensis
1161 1639 1232 1695 tam
1244 1632 1352 1715 ipsius

669 1751 772 1813 quam
816 1732 959 1795 aliorum
996 1733 1040 1797 ob
1079 1731 1176 1794 illam
1210 1750 1349 1796 causam

669 1839 854 1913 antequam
872 1831 1098 1897 convenirent
1111 1831 1224 1898 factis,

249 1993 299 2004 —
368 1947 601 2036 aquamanus
647 1973 765 2037 quum.

249 2115 300 2128 -
345 2077 397 2154 21,
413 2073 500 2139 relos
513 2073 599 2138 lculi
647 2077 811 2142 thesauro
852 2098 915 2142 sno
949 2077 1178 2160 adquietavit.
1230 2077 1351 2143 Abbas

413 2176 453 2238 tis
466 2176 530 2261 repi
547 2175 599 2238 do
670 2197 808 2261 quoque
833 2177 867 2241 S.
886 2176 1016 2242 Albani
1036 2177 1203 2242 Warinus
1231 2197 1350 2242 omnes

291 2303 293 2310 ¹
410 2275 500 2338 accit
669 2297 741 2341 suae
765 2277 921 2341 ecclesiae
943 2285 978 2341 et
1001 2277 1150 2341 diocesis
1172 2276 1352 2360 adquicta·

669 2377 730 2454 vit,
758 2378 801 2441 de
832 2397 896 2441 suo
929 2384 1067 2440 centum
1102 2395 1239 2441 marcas
1270 2397 1350 2442 con-

671 2475 812 2540 serendo
825 2497 834 2556 3
855 2477 905 2540 Oe.
920 2477 998 2541 etit.

247 2640 297 2651 -
342 2598 394 2674 26,
410 2596 516 2680 Hujus
541 2617 597 2660 ou·
645 2599 958 2665 desmttoOc.ctR.

411 2706 599 2780 temetque

404 2797 539 2880 fucum
652 2810 655 2818 ·

249 2916 302 2996 74,
364 2920 394 2996 1,
414 2912 598 3003 infertilitas
644 2917 842 2983 infelicitas.

245 3086 296 3098 -
365 3046 397 3117 4,
415 3043 483 3107 Res
497 3051 598 3106 autom
646 3041 706 3107 All
733 3042 803 3106 this
827 3041 970 3125 chapter
994 3043 1024 3106 is
1047 3043 1203 3124 wanting
1225 3041 1262 3105 in
1290 3041 1348 3106 the

667 3143 803 3225 printed
821 3142 969 3207 editions
987 3142 1106 3206 andin
1128 3143 1162 3206 0.

248 3264 300 3344 75,
339 3263 597 3344 27‚eocommuni·
645 3267 962 3331 excommunicatus
980 3273 1045 3343 est,
1062 3267 1093 3328 si
1109 3273 1235 3332 autem.

398 3377 494 3444 cotos,
510 3368 539 3430 st'

247 3489 300 3568 76,
338 3493 596 3568 31‚etccstro...
644 3494 771 3570 praeter
800 3486 902 3550 villas
936 3488 1118 3570 plusquam
1152 3495 1347 3551 sexcentas.

345 3576 348 3582 ¹
403 3588 572 3675 plusquam
667 3585 823 3664 Quartus
847 3586 949 3663 filius,
976 3586 1231 3666 Mehemodain,
1253 3593 1349 3652 tenet

411 3697 563 3751 sescentas
665 3704 811 3766 regnum
844 3684 954 3762 Asiae,
980 3686 1073 3767 quod
1100 3687 1205 3749 habet
1237 3687 1350 3749 muni-

665 3785 777 3848 tiones
794 3784 977 3866 plusquam
996 3787 1215 3867 quingentas.

247 3909 301 3986 77,
339 3915 391 3990 14,
401 3911 595 3998 popolus...
642 3929 665 3973 a
687 3909 817 3992 populo
841 3908 1041 3974 Christiano
1061 3909 1213 3993 populus
1232 3909 1349 3973 Chris-

202 4033 204 4036 ·
406 4013 588 4094 crucificuan
665 4009 793 4073 tianus

244 4171 296 4184 -
339 4138 392 4214 21,
409 4137 580 4200 Saracenos
643 4133 819 4210 Sarateos,
830 4131 1003 4214 quoddam
1018 4132 1155 4214 pondus
1167 4134 1242 4196 auri
1256 4131 1346 4197 sicut

411 4235 595 4300 transmittit
665 4233 772 4297 ciclus
787 4233 944 4313 argenti3
965 4233 1014 4295 Oc.
1029 4241 1057 4295 ct
1073 4233 1116 4295 R,
