3150 4992
645 461 846 511 nncrlortns
869 461 1003 511 VARIAE.

320 651 403 708 sunt
430 644 723 727 Hierosolymam.
777 646 982 710 Fredericus
1000 646 1188 728 imperator
1201 646 1310 710 ‘venit
1335 646 1380 709 ad

300 745 426 827 'pedes
453 744 646 808 Alexandri
674 764 795 828 papae3
823 745 958 809 audivit
985 745 1074 808 enim
1106 752 1142 810 et
1169 745 1380 810 certificatus

322 851 501 927 estsuper
526 844 603 921 hoc,
626 845 716 926 qnod
745 865 822 909 cum
843 846 981 927 fugeret
1002 865 1024 908 a
1051 846 1288 926 persecutione
1315 844 1381 906 im·

321 945 455 1026 periali,
473 950 508 1007 et
526 963 594 1008 non
612 945 728 1009 eratei
742 951 840 1008 tutus
856 945 1024 1008 transitus
1042 964 1104 1026 per
1122 954 1260 1019 terram,
1274 945 1379 1006 immo

321 1064 383 1125 per
411 1062 517 1121 mare,
544 1051 668 1108 exorta
691 1051 909 1126 tempestate,
934 1045 1122 1126 assumpsit
1142 1044 1259 1108 omnia
1281 1062 1379 1106 orna-

320 1150 439 1207 menta
464 1143 605 1226 papalia
634 1144 670 1206 in
695 1143 788 1220 navi,
815 1144 916 1225 quasi
944 1145 1192 1219 celebraturus,
1218 1150 1254 1207 et
1280 1149 1379 1206 stans

321 1242 505 1325 imperavit
522 1243 609 1305 mari
624 1250 660 1306 et
674 1244 787 1307 ventis
807 1244 882 1307 vice
898 1240 923 1307 J
925 1263 986 1306 esu
1003 1243 1144 1319 Christi,
1164 1242 1265 1325 cnjus
1281 1243 1378 1306 vica-

321 1342 394 1405 rius
426 1348 513 1419 erat,
547 1349 586 1405 ut
618 1343 680 1417 ait,
718 1350 753 1406 et
784 1343 902 1406 statim
931 1342 1025 1406 facta
1061 1350 1115 1406 est
1145 1341 1380 1424 tranquillitas

321 1460 461 1523 magna.
514 1440 594 1519 Quo
612 1441 742 1519 audito,
760 1443 949 1524 imperator
969 1440 1198 1524 stupefactus,
1220 1440 1379 1504 humilia-

321 1548 379 1604 tus
401 1540 570 1605 satisfecit
583 1541 635 1604 illi
657 1542 864 1623 peremnia,
884 1542 1009 1605 timeus
1031 1549 1146 1604 tamen
1165 1541 1244 1622 plus
1262 1541 1375 1604 Deum

320 1659 425 1723 quam
442 1640 627 1718 hominem,
644 1648 680 1705 et
694 1642 745 1705 sic
759 1642 911 1705 cessavit
923 1640 1084 1705 schisma.

281 1790 338 1826 Pho.
362 1789 414 1826 uu.

271 1870 346 1943 388,
384 1870 416 1943 8,
432 1866 588 1930 Hearicos
670 1867 760 1931 deest.

270 1992 344 2067 389,
383 1993 416 2066 9,
434 1989 562 2054 domat
672 1991 766 2056 addit
774 1990 900 2068 Paris,
911 1989 986 2053 Nix
995 1989 1148 2052 maxima
1158 1995 1193 2053 et
1203 1988 1375 2065 diuturna,

694 2091 859 2155 animalia
890 2089 1064 2153 maritima
1100 2089 1259 2153 involuta
1292 2094 1375 2151 sunt

695 2190 878 2268 fluctibus;
905 2190 958 2252 sol
985 2207 1112 2271 passus
1137 2196 1191 2252 est
1218 2187 1375 2269 eclipsim

693 2297 795 2353 sexto
812 2289 890 2352 idus
906 2288 930 2351 J
932 2288 1076 2351 aunarii.

270 2450 319 2459 -
365 2409 416 2483 ll,
432 2405 621 2490 sicquidem
672 2409 716 2474 In
732 2409 787 2487 B.,
802 2431 843 2475 or
857 2411 915 2474 the
932 2409 1141 2491 Cambridge
1162 2409 1253 2485 Ms„
1275 2409 1373 2474 there

692 2508 722 2571 is
748 2528 771 2572 a
792 2509 953 2573 coloured
981 2509 1138 2589 drawing
1164 2509 1204 2571 of
1220 2509 1279 2573 the
1303 2510 1374 2572 dis-

692 2626 819 2690 covery
832 2609 872 2671 os
890 2607 949 2672 the
968 2603 1088 2671 saint’s
1112 2607 1272 2685 remains,
1288 2608 1372 2672 with

692 2706 749 2771 the
775 2707 899 2772 citizen
922 2708 1085 2788 standing
1104 2709 1163 2790 by,
1183 2708 1293 2770 under
1314 2708 1373 2772 the

692 2806 908 2889 inscription,
930 2806 1131 2870 ‘Robertus
1151 2807 1237 2871 civis
1259 2806 1294 2870 S.
1313 2805 1371 2870 Al-

691 2907 784 2983 bani,
800 2914 1028 2988 cognomento
1046 2906 1207 2970 Mercer.'

269 3065 320 3076 ·-
366 3030 419 3107 18,
438 3027 540 3093 decori
553 3027 619 3092 ool·
670 3029 816 3095 decorus
832 3029 933 3095 vultu
950 3035 986 3092 et
1000 3027 1163 3108 eleganti.

435 3137 525 3192 tonet

270 3294 320 3308 ...
362 3289 407 3301 -
423 3251 620 3336 absentiae
671 3251 861 3317 thalamum
882 3270 982 3315 sunm
1004 3250 1309 3314 interiorem-ln
1329 3252 1370 3314 B.

430 3351 621 3427 immolatii
691 3351 761 3415 this
781 3353 813 3415 is
835 3349 985 3414 inserted
1015 3369 1060 3412 on
1083 3349 1142 3412 the
1164 3351 1300 3431 margin
1324 3351 1369 3432 by

431 3449 592 3514 abiatar
693 3449 805 3513 Paris,

271 3575 345 3648 390,
384 3573 413 3648 3,
425 3569 529 3635 nisibi
538 3571 620 3636 aida
670 3571 836 3636 velociter
851 3572 998 3635 vestitus
1013 3580 1049 3635 et
1064 3572 1251 3637 calceatus.

433 3669 525 3733 butor

269 3833 320 3846 ..
387 3789 416 3868 7,
424 3813 569 3876 pervasa
670 3787 763 3851 addit
781 3788 906 3864 Paris,
930 3789 1052 3853 Obiter
1074 3790 1371 3874 colloquebantur,

436 3901 511 3955 renat
693 3894 733 3950 ut
750 3889 839 3952 solet
856 3888 987 3951 amicus
1005 3908 1082 3951 cum
1102 3890 1213 3953 amico
1231 3891 1372 3954 coitine·

692 3995 804 4063 rante,
826 3994 900 4051 tum
924 3987 967 4051 de
984 3987 1120 4050 moeniis
1139 3989 1263 4053 dirutae
1290 3990 1372 4052 civi-

693 4087 789 4160 tatis,
815 4093 888 4149 tum
915 4086 958 4150 de
976 4106 1076 4150 amne
1097 4086 1277 4164 diminuto,
1298 4096 1371 4151 tum

693 4184 735 4248 de
761 4192 874 4249 strata
898 4188 1069 4250 communi
1092 4186 1272 4270 adjacente
1292 4188 1372 4250 civi-
