3150 4992
251 453 320 524 312
624 465 825 516 nucrtortas
847 464 979 512 viarm.

256 599 317 634 ΡΑΟ.
342 597 394 633 ult.

248 662 323 736 322,
343 661 397 734 21,
414 655 599 739 otmajor...
650 652 710 716 sed
726 650 882 734 quolibet
898 649 1036 714 bomine
1051 647 1172 731 maj0r,
1186 665 1270 728 ergo
1281 664 1355 709 ma-

414 754 565 820 Romuoir
668 751 727 834 jor
743 750 995 832 quolibetcive,
1009 748 1065 814 vel
1083 747 1188 812 etiam
1204 765 1287 827 rege
1300 745 1355 809 vel

673 850 892 931 imperatore.

250 1021 303 1034 -
346 978 400 1053 24,
416 973 571 1059 abjectos,
653 974 842 1058 subjectos,
874 973 979 1037 etiam
1015 971 1153 1036 deviare
1189 970 1354 1046 volentes,

417 1074 500 1140 wuda
674 1075 711 1137 in
725 1074 818 1137 viam
831 1072 979 1153 dirigere
996 1072 1161 1137 veritatis.

252 1202 329 1274 323,
369 1201 400 1274 3,
417 1195 551 1262 saloma
651 1197 744 1261 addit
752 1196 947 1273 Paris.,est.
960 1193 1357 1271 Praeterea,comitatum

675 1316 788 1371 suum,
811 1295 904 1380 quod
926 1293 1118 1359 inauditum
1137 1300 1272 1358 estnec
1295 1311 1357 1355 an-

675 1405 734 1460 tea
755 1395 899 1471 sactum,
924 1394 1025 1459 metis
1048 1394 1148 1458 novis
1170 1399 1206 1455 et
1221 1391 1357 1474 amplis,

671 1495 817 1578 jubente
832 1502 1004 1570 senatore,
1017 1493 1202 1557 voluerunt
1216 1491 1281 1554 sibi
1298 1509 1357 1573 ap·

676 1594 867 1676 propriore,
895 1602 930 1658 et
952 1593 1212 1674 appropriatum
1233 1591 1356 1653 intitu-

676 1693 750 1756 lare
773 1693 873 1758 novis
888 1690 1249 1775 suprascriptionibus,
1299 1686 1357 1751 Ad

677 1789 743 1854 boc
765 1791 943 1873 respondit
964 1791 1122 1855 dominus
1143 1807 1246 1871 papa,
1266 1788 1359 1870 quod

677 1890 768 1953 infra
789 1897 901 1955 metas
922 1891 1002 1954 illas
1022 1890 1240 1953 continentur
1262 1907 1359 1969 quae-

679 1988 759 2052 dam
784 1989 916 2070 praedia
941 1996 975 2053 et
1000 1989 1105 2052 etiam
1132 1986 1292 2052 civitates
1322 1995 1358 2048 et

679 2095 808 2165 castra,
826 2094 946 2171 utpote
961 2087 1157 2153 Viterbium
1178 2086 1301 2150 civitas
1323 2092 1359 2149 et

679 2185 901 2251 Altus-mons
917 2194 1081 2264 castrum,
1093 2206 1172 2270 quae
1185 2185 1277 2248 infra
1290 2204 1358 2247 me-

679 2294 734 2350 tas
751 2287 830 2350 illas
848 2287 1080 2364 continentur,
1104 2305 1191 2369 quas
1214 2285 1359 2348 comita·

678 2387 729 2448 tui
751 2405 815 2450 suo
838 2387 1015 2468 assignare
1037 2391 1271 2468 praesumunt3
1297 2383 1358 2446 sed

680 2485 829 2548 alienum
849 2485 915 2549 sibi
938 2486 1107 2550 ascribere
1129 2491 1357 2566 etusurparc,

679 2583 847 2667 injustum
861 2591 926 2649 est.

255 2745 306 2756 -
370 2713 402 2784 8,
420 2717 585 2774 contectato
656 2714 853 2771 contestata
870 2715 906 2771 et
922 2709 1172 2791 praeventilata.

254 2867 308 2878 —
352 2833 404 2908 13,
420 2832 606 2916 promut—
656 2829 700 2894 ad
726 2830 781 2893 sui
806 2831 1016 2915 adjutorium
1035 2833 1148 2914 ipsum
1174 2833 1361 2915 imperato·
1410 2831 1466 2913 '‘a‘'
1566 2811 1567 2852 ¹

424 2939 565 2995 traxerat
678 2949 751 2993 rem
768 2931 943 2995 attrahere
954 2932 1194 3008 moliebantur,
1209 2933 1268 2996 sed
1284 2934 1360 3017 ipse

682 3029 799 3112 potius
816 3038 938 3094 contra
955 3050 1026 3094 eos,

255 3190 307 3202 -
353 3154 404 3230 16,
424 3153 537 3216 Tuae.
553 3199 562 3215 .
578 3200 605 3217 ..
658 3155 758 3218 Tunc
775 3155 948 3220 exercitus
965 3156 1091 3218 summi
1106 3155 1290 3237 pontificis,
1305 3157 1362 3221 cui

418 3252 573 3336 pontificu
680 3260 829 3336 praeerat
839 3273 952 3318 comes
961 3253 1193 3331 TholosanuS,
1201 3274 1361 3336 quaerens

680 3354 841 3434 gratiam,
853 3361 888 3416 ct
903 3353 1085 3435 episcopus
1097 3353 1361 3432 wintoniensis,

680 3472 781 3535 quem
799 3451 958 3518 dominus
973 3471 1066 3534 papa
1084 3453 1208 3516 callide
1222 3455 1362 3518 vocavit

680 3551 724 3615 ad
739 3553 929 3616 exercitum
947 3571 1047 3616 suum
1067 3551 1267 3635 regendum,
1286 3561 1360 3616 tum

680 3656 823 3730 propter
837 3651 989 3715 thesauri
1007 3651 1265 3728 abundantiam,
1287 3658 1362 3715 tum

679 3755 822 3832 propter
836 3748 1006 3813 militandi
1023 3750 1194 3833 peritiam,
1213 3759 1248 3815 et
1261 3769 1361 3814 exer·

680 3847 771 3910 citus
786 3846 1016 3930 imperatoris.

256 4011 308 4027 ..
358 3965 412 4047 27,
428 3979 457 4033 ot
473 3971 607 4062 impora-
658 3971 783 4053 quibus
814 3979 986 4054 praeerant
1010 3973 1171 4037 instructi
1197 3973 1301 4036 armis
1326 3981 1363 4037 et

421 4069 498 4136 toria
680 4070 746 4133 viri
767 4070 900 4134 bellicis
916 4073 1065 4154 negotiis
1082 4072 1277 4150 exercitati,
1293 4072 1360 4149 sci-

681 4168 762 4231 licet
781 4168 997 4234 cismontani
1012 4178 1048 4236 et
1065 4172 1157 4236 acies
1175 4171 1278 4236 simul
1299 4172 1361 4235 im-

679 4269 860 4349 perator-is.
