3150 4992
249 452 316 516 280
620 467 820 515 nncrronns
847 467 979 515 viarm.

253 650 401 726 batibus,
424 648 599 713 Roffensis
621 655 657 712 et
679 647 907 712 cicestrensis
929 646 1116 724 diocesum,
1143 656 1179 712 et
1200 667 1354 731 praeoen-

254 749 322 813 tori
349 749 502 812 ecclesiae
522 747 653 811 Christi
674 746 948 823 cantuariensis,
967 747 1115 810 salntem
1137 754 1172 811 et
1188 748 1354 829 apostoli-

254 866 330 910 cam
347 846 630 911 benedictionem.
676 846 743 910 Ille
757 846 903 909 callidus
920 846 1173 928 supplantator,
1190 847 1356 910 calumni-

255 953 334 1011 ator
348 948 500 1028 iniquus,
520 946 664 1027 quinon
678 946 824 1009 miratur
845 945 937 1026 quod
957 945 1084 1008 flumen
1104 947 1266 1009 absorbet
1287 944 1354 1009 nisi

255 1053 292 1110 et
305 1052 345 1108 ut
359 1045 523 1110 Jordanis
540 1043 664 1108 induat
680 1045 717 1107 in
732 1063 772 1108 os
789 1043 876 1127 ejus,
894 1063 991 1108 escas
1006 1045 1251 1127 concupiscens
1264 1046 1354 1108 elec-

256 1150 323 1220 tas,
345 1143 414 1207 illis
431 1143 520 1228 jacit
535 1143 674 1226 pedicas
696 1143 930 1227 injecturum,
945 1143 1004 1225 qni
1020 1150 1114 1206 stare
1131 1145 1355 1226 probabiliter

259 1243 480 1321 videbantur;
497 1262 626 1324 eosque
634 1242 740 1306 variis
750 1241 944 1305 incursibus
955 1262 1022 1305 non
1035 1241 1160 1306 desinit
1169 1249 1354 1320 attentare,

256 1342 328 1424 qui,
345 1349 386 1404 ut
401 1342 477 1426 ejus
489 1340 680 1421 effugerent
695 1341 851 1423 laqueos,
869 1360 906 1404 se
924 1341 958 1404 in
975 1341 1219 1405 claustralibus
1231 1343 1356 1406 castris

255 1448 486 1522 receptarunt.
538 1439 656 1518 Quare
683 1459 757 1516 nos,
783 1447 820 1503 et
844 1439 945 1503 istius
970 1440 1110 1504 obviare
1140 1441 1293 1518 malitiae,
1319 1449 1356 1505 et

257 1539 391 1616 borum,
411 1546 514 1622 prout
529 1540 675 1604 interest
690 1546 822 1616 nostra,
838 1539 943 1602 saluti
964 1539 1142 1602 consulere
1165 1541 1355 1621 cupientes,

257 1638 404 1704 libenter
422 1637 583 1714 remedia,
606 1658 684 1720 quae
707 1657 903 1720 possumuS,
925 1657 1161 1719 procuramus,
1180 1647 1220 1702 ut
1237 1639 1356 1721 praeda

257 1737 300 1800 de
318 1739 412 1802 illius
425 1737 583 1802 faucibus
598 1737 781 1800 auferatur.
829 1737 1061 1818 Intelligimus
1078 1737 1246 1819 siqnidem
1260 1739 1355 1820 quod

258 1838 424 1901 nonnulla
446 1837 657 1900 monasteria
682 1843 846 1919 exempta
869 1835 1128 1900 cantuariensis
1150 1836 1297 1901 diocesis
1318 1837 1355 1901 in

258 1936 494 2018 spiritualibus
516 1936 705 2000 deformata
729 1937 821 2000 etin
845 1935 1091 2017 temporalibus
1110 1936 1180 1998 sint
1203 1938 1358 2018 graviter

258 2034 440 2112 diminuta,
469 2036 550 2099 dum
579 2035 738 2098 monachi
768 2042 804 2099 et
835 2035 1000 2098 moniales
1028 2055 1159 2112 eorum,
1185 2035 1356 2100 diabolica

259 2136 482 2216 suggestione
509 2134 654 2211 seducti,
680 2135 895 2197 immemores
921 2135 1014 2215 pacti
1038 2133 1177 2199 Domini
1198 2135 1265 2198 Dei
1288 2137 1355 2212 sni,

258 2253 328 2314 quo
346 2254 413 2298 non
432 2235 543 2298 solum
560 2253 625 2297 sua
645 2233 708 2296 sed
723 2235 856 2314 seipsos
877 2232 1090 2315 professione
1105 2233 1234 2296 ordinis
1251 2235 1356 2298 abne-

259 2340 398 2412 garunt,
412 2353 474 2398 nec
492 2331 638 2397 Ananiae
654 2340 689 2396 et
707 2332 862 2414 Sapbirae
878 2332 998 2395 mortis
1018 2333 1223 2396 sententiam
1237 2333 1356 2397 formi-

259 2431 394 2506 dantes,
415 2453 484 2496 non
502 2433 576 2496 sine
590 2431 674 2494 furti
691 2439 774 2496 nota
791 2439 826 2495 et
842 2449 946 2508 noxa,
963 2429 1248 2495 monasteriorum
1265 2433 1357 2497 bona

259 2530 444 2612 improprie
470 2532 536 2595 sibi
567 2532 793 2613 appropriant
818 2537 853 2593 et
880 2536 1065 2606 retentant,
1091 2538 1262 2594 venantur
1285 2552 1357 2596 non

259 2629 441 2692 venialiter
467 2631 563 2693 lucra
597 2629 795 2711 pecuniaria
821 2629 1050 2692 mercimoniis
1076 2635 1111 2692 et
1141 2630 1267 2706 usuriS,
1295 2632 1356 2694 sed

259 2734 295 2789 et
309 2726 491 2809 disciplina
507 2729 698 2791 monastica
712 2726 841 2816 ordinis
860 2726 1036 2809 profligati
1057 2745 1213 2810 personas
1234 2735 1357 2810 patent

260 2827 472 2908 contemptui
497 2833 532 2889 et
554 2826 676 2906 religio
699 2825 968 2907 blasphematur.
1021 2827 1056 2890 N
1058 2847 1077 2890 e
1104 2827 1212 2908 igitur
1236 2828 1356 2891 talium

260 2924 380 3007 culpas
403 2932 539 2988 nostras
563 2923 695 2988 efficere
721 2925 898 2990 videamur
926 2925 1005 2988 dum
1033 2945 1091 2989 eas
1120 2926 1357 3008 reliquerimus

259 3024 481 3101 incorrectus,
496 3024 742 3100 visitationem,
756 3025 1015 3100 correctionem,
1031 3033 1066 3088 et
1082 3025 1357 3090 reformationem

260 3125 544 3188 monasteriorum
560 3125 726 3205 ipsorum,
744 3124 867 3187 tamin
884 3123 997 3205 capite
1014 3143 1116 3205 quarn
1134 3123 1171 3186 in
1187 3125 1357 3202 membris,

261 3224 371 3299 vobis,
397 3223 440 3286 de
460 3242 605 3305 quorum
627 3222 693 3286 lide
719 3241 760 3286 ac
783 3222 988 3285 discretione
1012 3222 1243 3286 indubitatam
1269 3223 1358 3288 fidu·

260 3321 349 3384 ciam
370 3323 576 3398 obtinemus,
604 3341 708 3403 snper
737 3321 791 3385 his
820 3329 855 3384 et
883 3321 960 3384 aliis
984 3321 1228 3385 committimus
1252 3324 1358 3386 confi·

260 3420 406 3497 denter;
445 3440 608 3485 concessa
641 3421 739 3484 vobis
772 3439 877 3502 super
909 3419 1094 3501 praedictis,
1126 3421 1358 3503 appellatione

261 3527 405 3595 remota,
449 3520 604 3601 plenaria
638 3525 823 3601 potestate,
861 3538 902 3582 ac
935 3519 1076 3582 statutis
1108 3519 1145 3581 in
1177 3520 1358 3602 principali

260 3617 414 3698 capitulo
436 3618 501 3679 rite
525 3617 626 3680 factis
647 3618 682 3679 in
703 3637 767 3680 suo
793 3618 914 3681 robore
937 3617 1156 3680 nihilominus
1174 3617 1357 3683 duraturis.

261 3715 434 3794 Quocirca
458 3714 695 3776 discretionem
721 3724 872 3778 vestram
896 3735 1058 3798 rogamus
1080 3726 1116 3781 et
1135 3717 1360 3783 exhortamur

260 3821 404 3890 attente,
419 3833 481 3896 per
489 3813 680 3895 apostolica
697 3815 796 3878 vobis
811 3814 940 3896 scripta
956 3817 992 3878 in
1009 3816 1137 3880 virtute
1155 3816 1359 3882 obedientiae

262 3915 416 3978 districte
459 3912 686 3996 praecipiendo
722 3912 937 3991 mandantes,
975 3922 1146 3996 quatenus
1178 3918 1359 3997 praemissa

257 4015 364 4099 juxta
378 4033 474 4095 spem
493 4019 647 4076 nostram
665 4012 781 4076 taliter
806 4013 949 4095 exsequi
969 4014 1150 4090 studeatiS,
1167 4015 1258 4095 quod
1282 4016 1358 4081 Deo

261 4120 399 4195 gratum
416 4122 451 4175 et
469 4113 567 4175 nobis
589 4119 706 4194 posset
725 4130 800 4174 esse
823 4119 1012 4194 acceptum.
1065 4112 1359 4193 contradictores,

260 4214 290 4275 si
308 4213 366 4294 qui
384 4212 523 4288 fuerint,
540 4231 602 4294 per
623 4229 803 4275 censuram
826 4210 1105 4289 ecclesiasticam,
1127 4212 1359 4294 appellatione
