3150 4992
609 456 810 506 cucurouus
832 457 963 506 VARIAE.
1272 445 1342 508 259

282 638 454 721 imaginis,
474 638 607 703 scilicet
627 657 732 721 super
749 635 928 703 sinistrum
953 639 1143 716 humerum,
1168 641 1333 723 scriptum

283 745 349 813 est,
371 744 385 772 ⁴*
395 738 476 802 Rex
507 737 659 802 Siciliae!
711 738 767 801 Ex
795 738 865 803 alia
890 747 1006 802 eutem
1028 746 1127 821 parte
1152 739 1256 802 bullae
1283 739 1336 802 in-

283 838 453 920 sculpitur
474 837 632 920 quaedam
652 837 789 914 civitas,
813 837 944 902 seilicet
968 838 1094 915 Roma,
1117 846 1154 902 et
1175 838 1337 902 scribitur

283 937 319 998 in
347 937 506 1013 circuitu,
531 937 681 1013 ‘Rome,
704 943 811 1019 caput
835 936 965 1013 mundi,
989 944 1084 1002 tenet
1110 938 1202 1001 orbis
1226 936 1337 1001 fraena
1367 1001 1370 1008 ,

283 1036 446 1099 rotundi'
491 1036 577 1100 Erat
594 1043 710 1100 autem
727 1036 824 1100 bulla
842 1037 1094 1119 aliquantulum
1114 1036 1225 1120 major
1242 1035 1337 1100 bulla

284 1135 410 1217 raus?
999 1163 1002 1172 Α

245 1256 303 1294 m.
328 1257 382 1294 unt.

234 1319 311 1394 194,
330 1321 384 1396 32,
402 1318 533 1385 emat
634 1320 802 1384 Metham.

236 1437 310 1518 197,
328 1444 382 1518 22,
400 1443 548 1508 discretos
633 1443 815 1521 discretus,
845 1452 880 1508 et
907 1446 943 1508 in
968 1446 1086 1511 divina
1113 1447 1243 1529 pagiua
1268 1446 1337 1509 ele-

655 1551 778 1624 ganter
794 1543 962 1621 eruditus,
979 1543 1150 1627 Anglicus
1169 1547 1319 1610 uatioue.

233 1701 284 1710 —
328 1667 382 1743 23,
392 1665 550 1750 pradica-
635 1666 727 1730 auctr
763 1666 891 1746 Paris,
930 1669 965 1732 in
1006 1689 1074 1752 quo
1113 1670 1338 1752 singulariter

399 1766 491 1830 tionis
658 1764 784 1841 floruit,
802 1768 997 1849 expeditus,

233 1929 284 1940 -
329 1890 380 1966 24,
398 1889 494 1952 multo
512 1889 586 1974 jam
636 1892 739 1956 etiam
756 1911 818 1974 per
833 1892 973 1982 aliquod
990 1902 1135 1977 tempus.

399 1996 529 2074 temporo

232 2151 282 2163 -
327 2112 379 2187 26,
397 2112 543 2176 marcuit
636 2111 834 2188 excitando,
867 2112 912 2175 ad
942 2112 1141 2203 obsequium
1171 2110 1338 2176 crucifixi

657 2211 786 2274 arctius
801 2210 979 2276 animavit.

232 2373 283 2386 -
328 2337 380 2412 30,
392 2334 481 2399 dorric
491 2335 585 2401 cales
636 2334 812 2398 beueficiis
828 2335 965 2399 divinis,

268 2468 274 2476 ·
400 2433 481 2498 tibus

232 2596 283 2606 —
328 2557 380 2632 32,
395 2565 423 2619 ct
535 2607 540 2612 .
634 2557 722 2624 deest.

233 2719 284 2730 —
328 2680 380 2754 34,
398 2667 578 2764 reparantes
634 2698 811 2762 reparare,

235 2804 309 2880 198,
348 2806 530 2880 &coneda
547 2853 582 2870 ..
633 2812 834 2869 sanctorum
860 2805 984 2886 pedum
1012 2823 1152 2869 suorum
1181 2804 1337 2886 vestigiis

399 2905 587 2971 coarmavit
656 2903 885 2979 consecravit,
925 2909 960 2967 et
1000 2909 1222 2968 sacrosancto
1257 2922 1338 2967 san·

656 3001 761 3083 guine
778 3000 963 3066 dedicavit.

233 3163 284 3171 —
351 3129 383 3204 3,
398 3129 586 3192 marcuit
634 3125 727 3190 addit
750 3124 876 3201 Paris„
902 3124 1056 3207 Eratque
1081 3124 1238 3188 tantuin
1264 3143 1337 3188 om-

655 3244 717 3288 nes
740 3224 958 3289 Christianos
980 3223 1163 3298 exultatio,
1186 3228 1225 3286 ut
1242 3222 1334 3287 vide-

655 3330 775 3387 rentur
794 3323 939 3388 terrenis
954 3321 1107 3387 caelestia
1124 3321 1268 3384 misceri.

233 3489 284 3498 -
350 3448 380 3523 6,
400 3447 489 3513 Venit
634 3443 703 3507 His
718 3451 833 3508 autem
849 3443 900 3506 sic
917 3442 994 3506 Deo
1008 3441 1230 3524 dispensante
1246 3441 1334 3505 ordi-

655 3543 758 3619 natis,
773 3541 951 3607 invidente
969 3542 1112 3623 antiquo
1128 3540 1336 3604 seminatore

654 3641 879 3705 schismatum
895 3648 931 3704 et
947 3640 1194 3704 discordiarum
1212 3639 1334 3704 Satha-

654 3759 712 3817 ua,
739 3739 863 3804 incolae
890 3747 1004 3817 terrae,
1030 3739 1203 3821 praecipue
1234 3739 1337 3803 Tem-

655 3840 757 3922 plarii
790 3846 826 3903 et
859 3836 1099 3921 Hospitalarii‚
1140 3837 1334 3902 invidentes

654 3938 756 4001 sactis
770 3924 1008 4020 imperatoris(
1021 3943 1242 4018 sumpserunt
1259 3955 1335 4000 eor·

654 4056 725 4100 nua
735 4056 780 4100 ex
798 4036 877 4100 odio
892 4036 1029 4118 papali3
1048 4034 1232 4098 audierunt
1244 4033 1334 4098 euim

654 4134 747 4216 quod
764 4135 840 4218 jam
859 4152 950 4217 papa
967 4133 1146 4214 imperium
1164 4132 1337 4196 hostiliter

653 4234 841 4296 invaserat.
894 4232 1063 4296 Volentes
1089 4233 1197 4311 igitur
1221 4232 1337 4294 omnia

1160 4340 1172 4373 s
1190 4329 1205 4372 2
