3150 4992
250 467 315 532 120
622 485 821 533 uncrronns
845 483 979 533 viarm.

301 667 506 732 micissimus
532 668 627 731 nullo
660 685 747 731 auro
777 667 1017 744 redimendus;
1044 674 1080 731 et
1100 667 1184 749 quia
1213 668 1248 732 in
1279 669 1358 752 lege

302 774 364 830 tua
389 769 513 832 canina
542 767 711 849 persistis,
736 786 935 851 quanquam
961 786 1025 830 rex
1053 775 1089 831 et
1118 787 1187 831 non
1214 768 1357 834 inferior

302 887 370 942 me,
392 874 508 930 tamen
532 874 639 950 caput
656 874 753 930 tuum
774 857 1015 949 amputarem!
1065 865 1115 931 At
1138 867 1356 946 Salaadinus,

304 965 509 1048 ‘Nunquam
537 974 572 1031 te
599 966 705 1031 talem
733 966 930 1030 habiturum
963 973 1170 1049 potestatem
1198 966 1359 1046 arbitror,

303 1085 362 1130 ore
393 1073 455 1130 tuo
488 1074 603 1129 autem
633 1073 668 1129 te
697 1066 832 1150 judico,
860 1073 895 1129 et
927 1085 993 1146 ego
1024 1066 1099 1147 ipse
1130 1067 1358 1149 incontinenti

304 1173 410 1249 caput
424 1172 522 1229 tuum
541 1165 752 1247 amputabo!
803 1164 916 1230 tussit
937 1185 1021 1246 ergo
1045 1165 1171 1229 adferri
1195 1167 1261 1230 sibi
1286 1168 1358 1249 gla-

303 1264 396 1328 dium
415 1265 647 1346 evaginatum.
699 1263 749 1329 At
763 1265 902 1328 vinctus
920 1265 1081 1328 alacriter
1096 1265 1305 1346 prosiliendo
1323 1275 1359 1332 et

303 1364 386 1429 laeto
412 1351 514 1428 vultu
550 1365 616 1446 ipsi
645 1364 957 1446 appropinquando
985 1364 1143 1429 extendit
1170 1365 1202 1429 ei
1231 1366 1358 1430 collum

304 1464 435 1540 dicenS,
455 1463 560 1527 ‘Hoc
582 1463 747 1545 estquod
774 1464 907 1544 optavi,
933 1483 1013 1528 ecce
1034 1471 1153 1546 caput,
1174 1464 1259 1528 nihil
1285 1485 1358 1529 am-

304 1563 395 1644 plius
412 1562 627 1645 asportabis;
652 1563 786 1644 gaudeo
804 1561 846 1626 de
864 1582 972 1626 causa
988 1564 1109 1627 mortis
1127 1564 1219 1628 etde
1236 1564 1359 1629 ferien-

306 1663 351 1726 tis
367 1661 598 1727 auctoritate?
635 1661 841 1724 Salaadinus
855 1673 970 1726 autem
986 1663 1105 1727 statim
1117 1670 1224 1746 caput
1234 1665 1360 1748 ipsum,

304 1763 465 1825 manibus
481 1782 503 1824 a
519 1770 618 1843 tergo
630 1759 768 1838 vinetia,
782 1761 979 1826 decollavit.
1012 1762 1103 1841 Quis
1118 1770 1235 1827 autem
1248 1765 1360 1846 ipsum

306 1871 490 1946 martyrem
509 1881 583 1925 esse
599 1860 786 1942 gloriosum
803 1860 1042 1926 dubitaveritl

255 2009 312 2044 Pru.
347 2010 399 2044 unt.

257 2089 310 2162 64,
371 2089 401 2164 1,
417 2095 593 2152 moraretur
656 2095 860 2166 moraretur,
876 2089 966 2153 infra
988 2088 1079 2173 quud
1101 2098 1236 2174 tempus
1254 2091 1361 2176 jussit

678 2186 771 2270 opud
795 2186 917 2252 Achon
941 2189 1109 2272 capellam
1132 2191 1169 2252 in
1195 2191 1359 2256 honorem

678 2287 791 2351 sancti
818 2286 962 2353 Thomae
986 2289 1150 2372 martyris
1176 2290 1359 2370 fabricam

681 2386 730 2448 Oc.
746 2394 774 2449 et
789 2388 833 2451 Il.
886 2387 888 2391 ’

254 2546 306 2558 -
350 2509 404 2582 31,
419 2526 573 2569 canoram
656 2527 839 2585 annorum,
859 2509 950 2590 quod
969 2509 1113 2573 multum
1139 2511 1215 2575 Deo
1239 2512 1358 2595 displi-

678 2607 763 2683 cuit,
789 2627 831 2670 co
860 2607 953 2690 qnod
981 2608 1132 2674 schisma
1148 2610 1362 2676 Christiano-

678 2724 753 2770 rum
771 2713 847 2770 erat
863 2707 899 2770 in
917 2726 1036 2771 causa.

256 2824 309 2900 65,
350 2825 402 2900 14,
419 2834 596 2908 repererant
657 2829 847 2910 reperiunt.

254 2987 305 2998 -
351 2947 405 3021 19,
422 2945 488 3010 Deo
496 2948 572 3030 sore
659 2952 810 3017 Domino
825 2953 944 3018 fnisse.

256 3069 308 3142 66,
352 3067 632 3141 Iulianarum
659 3074 894 3142 Germaniam.

254 3232 305 3246 -
351 3195 401 3270 19,
406 3193 609 3281 postularunt
657 3202 888 3282 expetierunt.

254 3353 306 3364 --
350 3320 404 3392 24,
420 3317 581 3382 includens
658 3323 840 3389 inclusum.

256 3441 308 3515 68,
350 3443 402 3516 30,
420 3443 557 3602 ἓαρὶθπε,
658 3447 801 3528 cupivit.
856 3448 949 3512 Dum
967 3457 1095 3515 autem.

443 3561 495 3602 mn

256 3661 310 3735 69,
350 3665 404 3737 18,
420 3663 608 3728 custodirent
657 3665 908 3732 custodierunt.

257 3781 308 3860 70,
369 3788 400 3862 9,
415 3787 556 3852 Romano
658 3785 896 3853 Romanorum
912 3791 1083 3860 chricm

254 3948 304 3959 -
351 3908 401 3984 10,
417 3916 445 3971 et
460 3917 533 3972 tour
657 3931 771 3993 quem.

254 4065 305 4075 -
350 4033 404 4108 14,
412 4033 563 4116 pracepit
572 4034 606 4097 io
655 4034 779 4099 addant
793 4037 934 4116 Oactll,
944 4040 1029 4105 illud
1040 4043 1218 4126 oppidum,
1231 4047 1266 4108 in
1280 4067 1363 4129 qua-

422 4131 573 4197 Tricollis
678 4134 756 4198 darn
774 4138 953 4217 provincia
970 4149 1023 4204 est
1041 4143 1076 4204 in
1102 4162 1172 4224 qua
1194 4153 1275 4208 sunt
1294 4152 1363 4209 tres

678 4235 957 4315 profundissima
980 4241 1086 4306 valles
1113 4252 1149 4306 et
1171 4263 1303 4327 opacae,
1327 4248 1361 4308 in
