3150 4992
259 443 323 506 164
630 461 832 509 nuomouss
856 461 988 509 vnnru.

271 584 327 619 PAG.
352 585 403 620 HN.

260 649 333 724 243,
351 647 403 722 24,
422 647 580 712 incurrero
659 647 949 712 exhaeredationis
962 647 1135 710 incurrere
1154 646 1362 723 viderentur,

424 747 602 812 uiderentur
685 747 876 828 vulgariter
892 749 955 811 sub
972 747 1109 810 nomine
1125 745 1259 810 felonis

259 912 310 921 -
354 872 406 945 29,
425 870 597 936 abundaret
657 871 750 935 addit
767 872 894 948 Paris,
907 871 1008 936 Tunc
1031 873 1196 954 temporis
1223 890 1361 953 quoque

681 991 743 1034 rex
761 972 904 1054 vulpina
928 970 1116 1035 calliditate
1140 973 1184 1034 ab
1202 971 1361 1034 omnibus

681 1071 920 1152 religiosorum
947 1072 1105 1135 domibus
1127 1071 1169 1134 ad
1191 1089 1363 1133 excusan-

680 1169 761 1232 dum
779 1170 1022 1234 excusationes
1039 1171 1074 1233 in
1091 1171 1243 1252 peccatis
1261 1169 1363 1232 char-

682 1278 736 1333 tas
758 1270 889 1352 exegit,
919 1272 1044 1352 quibus
1074 1276 1294 1347 testarentur,
1324 1288 1363 1332 se

681 1371 791 1450 gratis
808 1369 1005 1445 contulisse,
1021 1389 1236 1452 quaeeunque
1249 1370 1293 1432 ab
1312 1369 1363 1431 eis

681 1469 850 1533 violenter
864 1467 1022 1534 extorsit.

262 1597 337 1671 244,
354 1597 407 1669 20,
422 1571 596 1676 θεοΙιὶραιαέ
660 1593 858 1658 adornatas.

261 1721 337 1794 246,
353 1721 406 1792 28,
414 1718 511 1801 jussit
660 1716 763 1781 misit.

262 1846 335 1919 249,
374 1847 406 1919 3,
420 1840 610 1904 otmundum-
658 1841 776 1905 dosunt.

427 1939 507 2005 tibus

263 2066 536 2148 252‚15‚qnorto
643 2061 750 2125 ocidit
778 2062 902 2137 Paris,
932 2061 1001 2124 Per
1023 2061 1113 2125 idem
1139 2068 1274 2144 tempus
1299 2082 1363 2125 rex

682 2161 705 2224 J
708 2162 872 2236 ohannes,
887 2181 1034 2244 arguens
1050 2161 1242 2225 Robertum
1253 2160 1362 2224 filium

682 2260 830 2325 Walteri
861 2260 1064 2342 proditionis
1091 2267 1126 2323 et
1153 2261 1361 2338 rebellionis,

684 2368 838 2425 sternere
873 2361 954 2426 fecit
992 2369 1145 2425 castrum
1184 2360 1362 2444 Baynardi

684 2460 903 2526 Londinense
926 2461 961 2524 in
981 2460 1132 2524 crastino
1159 2461 1271 2524 sancti
1294 2460 1362 2524 Hi·

682 2559 771 2636 larii,
810 2579 872 2642 per
902 2579 1024 2623 manus
1060 2558 1361 2637 Londoniensium,

682 2658 815 2721 scilicet
835 2658 890 2721 die
906 2658 1025 2723 Lunae.
1079 2659 1146 2722 Die
1162 2679 1244 2722 vero
1259 2659 1284 2723 J
1285 2661 1362 2723 ovis

682 2759 840 2839 proxime
863 2759 1022 2841 sequenti
1048 2759 1228 2835 NicolauS,
1250 2759 1362 2822 Thus-

684 2856 829 2920 culauus
855 2859 1049 2941 episcopus,
1071 2859 1210 2940 legatus
1233 2857 1268 2922 in
1286 2858 1361 2923 An·

684 2955 789 3037 gliam
829 2957 933 3035 venit,
973 2959 1138 3022 accedens
1173 2959 1284 3040 primo
1317 2959 1361 3021 ad

683 3055 1054 3136 westmonasterium
1084 3066 1131 3135 et,
1150 3077 1281 3121 moram
1297 3059 1363 3123 ibi·

684 3157 761 3220 dem
795 3156 923 3220 faciens
960 3176 1021 3239 per
1054 3157 1243 3221 octodecim
1277 3157 1361 3235 dies,

684 3256 884 3337 diligentem
909 3263 1096 3320 tractatum
1130 3257 1251 3321 habuit
1284 3277 1361 3321 oum

685 3364 857 3420 conventu
876 3355 985 3438 ipsius
1007 3357 1160 3420 ecclesiae
1188 3356 1231 3420 de
1255 3357 1361 3421 refor-

684 3455 835 3518 matione
862 3455 1094 3536 spiritualium
1128 3463 1164 3518 et
1190 3463 1363 3539 tempora-

684 3553 780 3616 lium.
834 3554 931 3617 Idem
963 3574 1044 3618 vero
1073 3555 1165 3637 apud
1193 3556 1364 3619 Evesham

685 3652 720 3713 in
746 3652 836 3715 sesto
866 3655 977 3717 sancti
1003 3653 1198 3718 Eadmuudi
1222 3657 1364 3719 veniens

686 3750 876 3830 Rogerum‚
903 3752 1056 3834 ejusdem
1082 3752 1236 3818 ecelesiae
1259 3756 1364 3819 abba·
1486 3778 1492 3785 ·

687 3855 769 3925 tem,
791 3850 982 3915 manifestis
1002 3872 1047 3915 ex
1064 3854 1178 3916 causis
1193 3853 1364 3936 deposuit,

685 3949 897 4013 substituens
907 3950 954 4013 ibi
971 3951 1205 4035 Rodulphum,
1215 3955 1364 4034 priorem

684 4048 974 4128 wigorniensem.
993 4051 1121 4116 Eodem
1131 4072 1269 4134 quoque
1281 4060 1364 4117 tem-

686 4166 769 4230 pore
798 4148 884 4211 obiit
911 4147 1100 4215 Gaufridus
1135 4152 1225 4215 filius
1255 4153 1364 4231 Petri,

686 4246 824 4329 Angliae
837 4248 1058 4330 justitiarius,
