3150 4992
584 469 785 517 nncrrouns
809 467 943 517 varin.
1272 457 1316 520 95

255 652 333 728 tati,
352 659 425 716 turn
440 651 484 716 de
508 651 662 716 adventu
681 652 775 716 beati
792 650 993 733 Amphibali
1019 651 1178 733 magistri
1200 654 1256 717 sui
1277 655 1314 716 in

255 753 442 828 civitatem,
465 759 539 816 tum
557 751 599 815 de
616 771 751 816 recessu
771 752 979 815 abinvicem
996 752 1222 830 lamentabili,
1240 762 1313 818 tum

255 851 298 914 de
319 853 499 935 utriusque
520 853 689 934 passione.
742 852 789 915 Et
816 871 1032 934 quaecunque
1061 851 1237 916 Robertus
1265 854 1314 916 in-

256 960 433 1033 terrogare
459 951 610 1028 volebat,
641 958 775 1034 martyr
799 957 960 1033 prompta
990 953 1214 1033 responsione
1244 952 1316 1015 dis-

256 1053 402 1115 serebat.
456 1050 613 1131 Contigit
634 1059 761 1125 autem,
791 1057 831 1114 ut
858 1051 1181 1131 interloquendum
1210 1071 1313 1133 quos-

258 1151 337 1214 dam
366 1158 577 1215 mercatores
605 1150 647 1213 de
676 1150 873 1233 Dunstaple
897 1150 1063 1214 haberent
1091 1152 1224 1228 obvioS,
1255 1152 1315 1232 qui

259 1269 359 1313 mane
374 1250 540 1315 interesse
556 1249 631 1314 foro
647 1249 682 1313 in
699 1268 791 1331 pago
806 1251 918 1313 sancti
932 1247 1062 1313 Albani
1083 1270 1146 1332 pro
1165 1251 1315 1331 negotiis

257 1349 490 1429 festinabant3
518 1369 663 1431 quorum
685 1349 871 1412 adventum
893 1349 1083 1431 praedicens
1106 1351 1156 1413 ait
1171 1357 1315 1432 martyr,

260 1450 505 1513 ‘Divertamus
537 1449 714 1531 paulisper
749 1448 859 1512 donec
894 1449 1156 1529 pertransierint
1188 1449 1316 1513 adven-

260 1555 387 1626 tantos,
402 1569 445 1613 ne
463 1549 552 1612 forte
569 1549 634 1612 iter
649 1554 806 1613 nostrum
821 1548 1011 1630 impediant
1024 1549 1282 1631 percunctando
1293 1550 1315 1627 ;’

260 1647 326 1711 iter
338 1648 428 1711 enim
446 1649 489 1710 ab
506 1667 547 1711 eo
563 1647 771 1711 coruscavit.
799 1646 902 1725 Quod
919 1648 1098 1710 etinctum
1118 1655 1182 1711 est.
1226 1646 1313 1711 Cum

261 1753 373 1810 autem
384 1747 622 1831 pervenissent
633 1747 676 1809 ad
693 1746 842 1810 medium
854 1747 990 1810 circiter
1004 1747 1148 1823 itineriS,
1162 1748 1220 1809 ubi
1235 1747 1313 1810 duee

264 1848 403 1911 arbores
425 1849 461 1910 in
483 1846 596 1910 medio
614 1852 734 1909 stratae
753 1845 904 1921 fuerant,
922 1846 971 1908 ait
987 1851 1131 1927 martyr,
1147 1844 1314 1909 ‘Hucus-

264 1966 329 2027 que
347 1946 432 2009 duxi
453 1946 658 2026 magistrum
674 1964 788 2008 meum
805 1946 945 2008 boatum
962 1943 1223 2027 Amphibalum‚
1238 1965 1314 2008 cum

264 2045 386 2109 ultimo
403 2046 439 2107 in
457 2044 522 2109 hac
538 2045 613 2109 vita
634 2044 802 2107 mundiali
827 2044 1119 2125 lachrymabiliter
1139 2045 1315 2126 colloque-

262 2146 396 2220 bamur,
413 2152 496 2208 tunc
520 2146 563 2207 ab
586 2143 733 2207 invicem
750 2143 945 2206 recessuri!
997 2143 1044 2206 Et
1060 2143 1126 2205 nisi
1143 2143 1317 2226 splendor,

262 2245 320 2326 qui
343 2264 364 2308 a
387 2251 540 2326 martyre
568 2243 787 2325 procedebat,
815 2244 957 2307 obtutus
986 2241 1131 2306 Roberti
1158 2243 1317 2306 reverbe-

262 2350 385 2420 rasset,
411 2352 447 2407 et
470 2344 574 2407 timor
599 2361 678 2404 cum
702 2341 925 2423 simplicitate
955 2340 1175 2406 refraenasset
1203 2343 1316 2423 ipsum

264 2443 468 2519 Robertum,
499 2442 542 2505 de
576 2441 694 2504 multis
728 2447 801 2504 tam
833 2440 959 2504 futuris
990 2459 1094 2522 quam
1129 2441 1316 2524 praeteritis

263 2551 404 2630 sanctus
421 2543 655 2607 certificasset.

224 2683 281 2720 Pac.
303 2683 354 2720 uu.

213 2747 288 2821 390,
329 2748 360 2821 8,
368 2745 463 2828 sisois
613 2742 724 2806 fossis.

212 2909 263 2920 -
309 2865 359 2945 17,
371 2869 522 2954 persolvit
612 2865 810 2948 persolvere
823 2863 1014 2928 consuevit.

213 3027 264 3036 -
308 2991 360 3068 36,
376 2991 524 3056 militabit
613 2988 787 3063 militabit,
806 2987 992 3069 multisque
1015 2987 1167 3068 proderit
1190 2987 1234 3051 ad
1260 3008 1316 3051 sa-

635 3087 752 3149 lutem.
798 3085 973 3149 Robertus
988 3105 1070 3148 vero
1088 3087 1176 3148 aeris
1193 3095 1227 3150 et
1243 3087 1319 3168 pla-

636 3185 733 3248 nitiei
744 3185 855 3248 visum
870 3184 1052 3246 dimetiens
1069 3185 1203 3266 lapides
1217 3192 1317 3266 quos-

636 3284 728 3359 dam,
757 3284 817 3365 qui
843 3282 892 3345 ibi
914 3283 1089 3366 jacebant,
1115 3283 1255 3364 collegit
1283 3291 1318 3346 ct

635 3382 761 3446 ibidem
796 3381 944 3464 quodam
978 3383 1154 3446 schemate
1188 3383 1318 3447 locavit

636 3483 766 3558 dicenS,
795 3481 888 3544 ‘His
912 3481 1013 3545 metis
1039 3481 1082 3545 de
1107 3481 1172 3546 hoc
1195 3489 1316 3546 sancto

637 3582 713 3646 loco
728 3599 805 3644 cras
820 3579 955 3664 plenius
970 3579 1257 3645 cdocebor.'-ln
1274 3582 1317 3660 Β.

637 3680 672 3744 in
692 3679 803 3744 Paris'
822 3680 926 3743 hand.

218 3814 292 3888 391,
333 3813 363 3887 2,
382 3807 556 3874 reuertenti·
615 3803 707 3888 addit
722 3804 847 3880 Paris,
865 3823 944 3867 cum
963 3803 1122 3868 venirent
1138 3812 1219 3869 ante
1240 3824 1320 3885 por-

383 3909 436 3973 lus
638 3911 710 3967 tam
737 3903 892 3966 ecclesiae
918 3910 994 3966 erat
1022 3902 1145 3966 domus
1175 3903 1321 3967 Roberti

639 4003 815 4066 remotior.

216 4167 267 4176 -
312 4134 343 4204 5,
361 4131 471 4214 recepit
617 4125 709 4189 addit
736 4125 863 4202 Paria,
887 4125 1001 4200 Istud,
1030 4145 1099 4188 nou
1125 4133 1165 4188 ut
1183 4126 1321 4208 quidam

641 4225 777 4306 fingunt
794 4223 1016 4288 detrahentes
1033 4225 1184 4299 veritati,
1201 4245 1269 4289 non
1284 4233 1323 4287 ut
