3150 4992
606 437 809 486 nncrrouns
836 438 969 486 varin.
1280 423 1345 488 135

286 639 408 683 novem
426 618 501 702 ejus
518 618 621 680 vicini
635 618 691 682 vel
707 619 750 682 de
772 619 847 701 ejus
869 618 1012 696 familia,
1029 639 1169 683 cansam
1187 620 1340 703 ejusdem

286 718 453 782 Wilielmi
482 719 717 783 confoventes,
769 717 874 782 Anno
903 719 966 781 sub
999 719 1116 782 eodem
1153 719 1343 797 Johannes,

286 818 437 882 decanus
466 818 770 898 Rothomagensis,
794 820 830 881 in
855 819 1092 900 episcopatum
1121 819 1343 900 Wigornien-

287 937 358 981 sem
375 917 591 994 sublimatur,
610 918 670 1000 qui
686 937 811 981 munus
836 919 1103 984 consecrationis
1125 918 1256 982 decimo
1273 928 1342 984 ter-

286 1018 335 1081 tio
358 1016 523 1081 kalendas
549 1017 757 1082 Novembris
782 1037 804 1081 a
820 1016 1063 1082 Cantnariensi
1084 1018 1341 1102 archiepiscopo

284 1117 447 1197 suscepit.

235 1257 292 1294 PAG.
335 1257 388 1294 uu.
467 1267 468 1272 ¹

235 1323 290 1393 95,
330 1322 381 1395 24,
400 1318 500 1383 uoluit
636 1315 728 1380 addit
751 1317 878 1394 Paris„
903 1317 1103 1381 stimulante
1128 1318 1340 1382 Francorum

657 1436 749 1497 rege.

235 1588 286 1598 -
330 1543 586 1629 28,Eodrmque
637 1540 808 1621 Tempore
839 1543 903 1604 sub
930 1543 1049 1606 eodem
1080 1543 1268 1623 imperator
1294 1544 1339 1608 le-

402 1666 459 1729 que
472 1666 585 1708 auae..
659 1641 757 1720 gavit
788 1641 941 1722 capitulo
970 1641 1249 1706 cisterciensium
1274 1645 1340 1707 tria

398 1743 486 1828 apud
498 1766 585 1808 sano.
659 1739 768 1802 millia
802 1759 993 1803 marcarum
1028 1741 1176 1822 argenti,
1211 1741 1254 1803 de
1287 1762 1340 1805 re-

401 1853 465 1906 tum
487 1845 585 1908 Virta
657 1839 854 1922 demptione
869 1842 960 1921 regis
978 1840 1157 1916 Richardi,
1172 1840 1216 1903 ad
1231 1841 1340 1905 thuri·

400 1964 463 2006 rem
657 1939 739 2002 bula
766 1958 829 2022 per
860 1947 970 2002 totum
1000 1940 1154 2002 ordinem
1182 1939 1340 2004 facienda

657 2046 841 2120 argentea3
874 2038 934 2102 sed
961 2040 1104 2102 abbates
1127 2047 1197 2102 tam
1226 2041 1338 2121 ipsum

658 2138 900 2220 imperatorem
918 2157 1022 2219 quam
1040 2137 1167 2200 donum
1183 2139 1258 2220 ejus
1282 2139 1338 2202 de·

660 2242 829 2300 testantes
844 2244 1031 2300 rennerunt
1042 2237 1084 2300 de
1097 2238 1190 2319 turpi
1204 2247 1340 2319 quaestu

659 2335 869 2418 adquisitum
908 2336 1034 2399 donum
1067 2335 1144 2419 ejus
1178 2338 1339 2419 recipere.

659 2434 762 2513 Quod
795 2455 873 2500 cum
913 2455 974 2498 rex
1011 2430 1207 2499 Richardus
1244 2438 1339 2500 audi-

658 2537 778 2613 visset,
804 2535 933 2599 dictum
958 2542 993 2598 et
1013 2535 1339 2614 iactumabbatum,

658 2635 749 2716 quod
783 2635 888 2698 solita
917 2635 1030 2698 caruit
1056 2635 1216 2712 avaritia,
1245 2656 1339 2699 com-

656 2734 843 2798 mondavit.

712 2882 823 2966 Captis
836 2881 978 2968 Hupouc's
991 2880 1028 2944 de
1047 2880 1262 2945 Caico-moute.

637 3003 766 3067 Eodem
785 3023 921 3086 quoque
946 3023 1037 3083 anno
1058 3003 1152 3066 facta
1176 3021 1339 3083 congres-

658 3103 754 3166 sione
771 3103 862 3166 inter
882 3103 1072 3184 phalanges
1088 3120 1209 3183 regum
1229 3101 1338 3164 Fran-

657 3221 775 3265 corum
818 3209 853 3266 et
889 3201 1083 3282 Anglorum
1123 3207 1246 3281 captus
1286 3207 1339 3264 est

658 3302 767 3382 Hugo
785 3301 827 3364 de
853 3299 1107 3376 Calvo-monte,
1129 3300 1203 3379 regi
1227 3298 1336 3361 Fran-

657 3420 774 3464 corum
793 3400 895 3464 valde
918 3419 1020 3464 carus
1042 3406 1077 3462 ct
1092 3398 1283 3475 familiaris
1303 3407 1338 3463 et

657 3501 731 3582 regi
760 3498 955 3580 Anglorum
996 3506 1048 3562 est
1085 3506 1314 3581 praesentatus
1328 3520 1356 3578 3,

658 3620 759 3682 quem
792 3600 947 3665 Roberto
973 3598 1015 3662 de
1043 3598 1117 3664 Ros
1143 3598 1337 3661 custodien·
1350 3585 1357 3623 ·³

658 3701 738 3763 dum
755 3700 984 3774 committens,
1005 3699 1170 3780 praecepit
1184 3705 1222 3760 ut
1238 3698 1338 3778 quasi

657 3801 764 3864 vitam
780 3799 977 3863 custodiret.
1025 3797 1200 3861 Robertus
1222 3805 1338 3860 autem

658 3901 769 3982 ipsum
800 3897 1059 3962 custodiendum
1089 3895 1264 3961 Willelmo
1295 3896 1337 3959 de

656 3999 679 4062 S
682 4000 812 4081 pineto,
821 4016 922 4062 servo
932 4016 1008 4073 suo,
1022 3995 1233 4059 confidenter
1243 4014 1335 4057 com-

656 4099 759 4161 misit.
785 4099 894 4179 Hugo
908 4104 1023 4160 autem
1034 4095 1245 4159 Willelmum
1262 4115 1337 4157 cor-

658 4217 819 4280 rumpens
836 4197 1036 4260 muneribus
1053 4203 1087 4258 et
1107 4194 1340 4277 promissioni-
