3150 4992
258 449 323 514 186
627 466 825 514 nucrronns
853 467 986 515 viarm.

257 650 404 725 ballivis
428 656 464 713 et
485 649 643 712 omnibus
666 649 728 713 has
754 649 873 714 literas
890 650 1028 729 visuris,
1051 652 1211 717 salutem.
1265 654 1360 735 Quo-

258 751 351 814 niam
372 751 462 813 inter
484 767 547 813 nos
569 756 605 813 et
622 750 837 816 venerabiles
854 757 972 833 patres
989 760 1127 817 nostros
1144 753 1358 838 Stephanum

259 849 559 925 Cantuariensem,
583 850 690 914 totius
711 847 853 932 Angliae
884 851 1065 932 primatem
1089 859 1125 916 et
1149 863 1281 920 sanctae
1304 877 1360 921 ec-

256 949 371 1014 clesiae
394 950 563 1013 Romanae
592 949 814 1024 cardinalem,
829 949 1042 1015 Willelmum
1069 950 1359 1034 Londoniensem,

257 1049 484 1113 Eustachium
517 1048 715 1131 Elycnsem,
749 1049 929 1131 AEgidium
963 1050 1265 1132 Herelordensem‚
1295 1056 1318 1121 J
1321 1077 1359 1120 o·

255 1149 404 1213 hannem
429 1148 698 1213 Bathonieusem
721 1156 755 1212 et
779 1143 1075 1227 ¹Glastonensem,
1102 1161 1137 1216 et
1160 1152 1359 1220 Hubertum

257 1248 546 1324 Lincolniensem,
564 1249 758 1332 episcopoS,
773 1268 879 1331 super
893 1250 1028 1314 damnis
1045 1259 1081 1315 et
1094 1252 1220 1330 ablatis
1238 1275 1357 1320 eorum

256 1357 409 1432 tempore
435 1347 620 1423 interdicti,
649 1368 710 1431 per
735 1348 804 1412 Dei
830 1350 978 1431 gratiam
1000 1351 1043 1414 de
1071 1370 1166 1415 mera
1191 1361 1226 1416 et
1250 1353 1360 1420 libera

254 1451 434 1514 voluntate
457 1449 767 1530 utriusquepartis
789 1448 890 1530 plene
915 1451 1089 1526 convenit,
1112 1452 1271 1516 volumus
1288 1476 1357 1519 nou

255 1548 365 1612 solum
392 1549 442 1612 eis
473 1554 641 1630 quantum
672 1547 861 1611 secundum
894 1548 1008 1612 Deum
1037 1570 1221 1633 possumus
1253 1557 1357 1618 satis·

255 1648 380 1724 lacere,
397 1667 517 1712 verum
543 1647 646 1711 etiam
670 1648 736 1712 toti
763 1648 918 1711 ecclesiae
941 1646 1147 1732 Anglicanae
1174 1653 1358 1718 salubriter

255 1754 291 1812 et
308 1748 441 1811 utiliter
457 1748 493 1811 in
515 1753 720 1830 perpetuum
743 1748 934 1828 providere.
988 1748 1075 1812 Inde
1092 1753 1253 1833 estquod
1271 1773 1358 1835 qua-

254 1848 446 1929 liscumque
475 1846 688 1911 consuetudo
719 1848 932 1929 temporibus
955 1849 1083 1912 nostris
1109 1857 1144 1914 et
1166 1852 1357 1934 praedeces-

254 1967 370 2011 sorum
397 1954 592 2011 nostrornm
616 1946 785 2010 hactenus
809 1947 844 2009 in
871 1947 1017 2011 ecclesia
1035 1946 1233 2031 Anglicana
1252 1953 1359 2018 suerit

254 2048 452 2123 observata,
485 2053 521 2110 et
553 2045 719 2129 quidquid
746 2046 838 2129 juris
872 2046 971 2110 nobis
999 2047 1167 2113 hactenus
1197 2052 1357 2117 vendica-

254 2147 478 2225 verimus,de
500 2147 682 2210 caeteruin
712 2146 883 2209 universis
907 2154 943 2211 et
969 2147 1115 2229 singulis
1143 2150 1297 2215 ecclesiis
1321 2161 1358 2218 et

254 2248 471 2311 monasteriis
493 2245 749 2310 cathedralibus
769 2255 805 2308 et
822 2246 1110 2311 conventualibus
1133 2251 1240 2314 totius
1256 2254 1356 2334 regni

254 2344 395 2428 Angliae
427 2347 543 2410 liberae
574 2347 644 2409 sint
676 2345 713 2408 in
743 2353 947 2427 perpetuum
977 2345 1163 2411 electiones
1192 2370 1356 2432 quorum-

254 2465 400 2529 cumque
422 2445 656 2528 praelatorum,
678 2444 848 2527 majorum
871 2452 906 2509 et
922 2445 1112 2526 minorum3
1136 2449 1235 2512 salva
1257 2452 1356 2517 nobis

255 2555 290 2609 et
306 2545 499 2609 haeredibus
514 2545 642 2609 nostris
665 2545 823 2608 custodia
846 2545 1066 2610 ecclesiarum
1083 2554 1118 2613 et
1132 2552 1355 2615 monasterio·

254 2664 328 2707 rum
356 2646 565 2720 vacantium,
599 2663 677 2725 qnae
717 2644 761 2707 ad
797 2663 861 2707 nos
893 2647 1052 2727 pertinet.
1115 2646 1355 2714 Promittimus

253 2745 371 2820 etiam,
397 2745 488 2827 quod
516 2762 579 2807 nec
598 2743 824 2825 impediemus
847 2763 909 2808 nec
932 2746 1096 2828 impedire
1118 2749 1356 2830 permittemus

253 2864 316 2925 per
347 2853 498 2920 nostros,
531 2862 595 2910 nec
627 2843 901 2926 procurabimus,
935 2848 1019 2927 quin
1050 2848 1086 2908 in
1117 2849 1286 2911 universis
1320 2859 1356 2914 et

253 2944 398 3025 singulis
430 2943 648 3007 monasteriis
679 2950 714 3007 et
742 2943 908 3019 ecclesiis,
937 2956 1121 3026 postquam
1155 2949 1356 3011 vacaverint

253 3043 462 3126 praelaturae,
489 3061 736 3124 quemcumque
751 3041 924 3106 voluerint
946 3043 1052 3108 libere
1073 3046 1139 3108 sibi
1166 3046 1355 3128 praeficient

253 3144 419 3207 electores
434 3149 630 3226 pastorem3
654 3141 764 3225 petita
781 3149 896 3205 tamen
913 3160 935 3205 a
957 3145 1056 3206 nobis
1078 3146 1174 3226 prius
1197 3154 1232 3209 et
1247 3147 1355 3210 haere-

252 3243 352 3306 dibus
383 3243 510 3307 nostris
536 3242 675 3306 licentia
700 3240 862 3322 eligendi,
889 3260 992 3322 quam
1018 3262 1086 3306 non
1109 3245 1354 3326 denegabimus

251 3363 314 3406 nec
338 3343 542 3406 differemus.
595 3340 695 3404 Etsi
719 3342 807 3404 sorte
834 3341 969 3405 accidat
989 3343 1081 3423 quod
1105 3343 1354 3424 denegaremus

252 3442 307 3506 vel
323 3442 547 3515 differremus
570 3439 791 3504 nihilominus
815 3440 1002 3522 procedant
1021 3442 1188 3506 electores
1204 3444 1248 3506 ad
1266 3445 1354 3508 elec-

253 3543 381 3604 tionem
399 3541 600 3604 canouicam
617 3539 821 3602 faciendam.
875 3540 921 3603 Et
936 3540 1094 3605 similiter
1106 3550 1186 3622 post
1201 3543 1353 3607 celebra·

252 3649 322 3703 tam
348 3640 550 3702 electionem
581 3646 698 3701 noster
729 3639 924 3719 requiratur
951 3659 1125 3717 assensus,
1153 3662 1255 3724 quem
1282 3663 1351 3707 non

251 3740 509 3820 denegabimus,
533 3736 598 3799 nisi
615 3737 781 3800 adversus
804 3737 948 3800 eandem
967 3740 1137 3804 rationale
1162 3761 1351 3825 proposue-

252 3840 358 3901 rimus
374 3846 410 3902 et
426 3837 579 3918 legitime
594 3836 866 3918 probaverimus,
882 3847 1024 3920 propter
1041 3839 1134 3920 quod
1158 3860 1227 3904 non
1251 3843 1352 3906 debe-

251 3958 327 4002 mus
357 3937 563 4001 consentire.
616 3935 734 4015 Quare
762 3936 922 3999 volumus
951 3945 986 4001 et
1011 3939 1155 4003 firmiter
1175 3940 1351 4023 jubemus

251 4057 293 4100 ue
310 4039 399 4119 quie,
417 4037 621 4100 vacantibus
639 4035 793 4099 ecclesiis
807 4036 862 4098 vel
883 4039 1114 4116 monasteriis,
1127 4047 1247 4103 contra
1262 4041 1351 4105 hanc

575 4257 580 4285 ¹
593 4257 796 4322 Glurtouoleem]
814 4259 983 4320 Wclleusem3
997 4263 1026 4311 C.
