3150 4992
251 461 318 528 276
623 465 823 518 nncrrorvss
847 462 980 511 vsmm.

309 660 433 725 merito
460 660 513 721 ira
531 655 651 718 divina
670 665 866 733 percussus
887 643 931 707 ad
954 639 1094 724 aliquod
1118 637 1358 703 offendiculum
1443 665 1447 670 ·

311 779 401 842 equo
416 757 620 840 cespitante,
634 751 716 814 licet
726 744 936 830 pedetentim
953 740 1164 814 ambulante,
1182 739 1217 800 in
1233 745 1359 801 terram

312 859 441 922 corruit
462 853 657 937 resupinus,
681 855 718 912 et
742 847 854 910 fracto
878 841 968 905 collo
992 840 1126 914 misere,
1151 857 1215 900 nec
1243 845 1360 899 tamen

312 955 562 1028 miserabiliter,
591 946 793 1031 exspiravit.
847 940 937 1004 Haec
960 940 1019 1022 pia
1041 937 1159 1000 missio
1182 935 1275 998 sacta
1296 935 1362 998 suit

312 1075 375 1139 per
390 1051 625 1135 Radulphum,
640 1047 837 1129 episcopum
853 1040 1115 1110 Cicestrensem,
1131 1043 1215 1098 tunc
1232 1033 1379 1107 cancel<

314 1155 450 1230 larium,
472 1153 584 1217 virum
605 1149 740 1232 justum
765 1149 801 1205 et
826 1140 890 1204 toti
916 1156 1023 1220 regno
1051 1134 1298 1208 fidelissimum,
1328 1139 1364 1195 et

315 1253 461 1318 miseriis
494 1245 647 1313 Huberti
679 1240 926 1308 condolentem.
979 1235 1075 1300 Visis
1106 1233 1214 1314 igitur
1241 1231 1364 1305 literis,

314 1355 415 1417 stetit
439 1350 613 1415 exercitus
637 1342 749 1408 civilis
778 1346 814 1402 et
837 1335 985 1420 populus
1007 1334 1208 1410 universus;
1243 1331 1363 1403 etsie,

315 1459 451 1515 mutato
475 1447 631 1521 consilio,
654 1461 717 1506 rex
740 1437 943 1503 festinanter
966 1431 1140 1496 nuntiavit
1165 1437 1205 1492 ut
1228 1448 1366 1511 promo-

316 1558 388 1614 tum
405 1548 594 1612 exercitum
608 1542 702 1607 illico
719 1541 909 1602 revocaret.
960 1531 1011 1596 At
1024 1532 1117 1595 cives
1130 1529 1245 1591 animo
1261 1528 1364 1590 nimis

315 1647 527 1712 consternati
559 1641 688 1707 reversi
721 1643 805 1701 sunt
837 1635 874 1697 in
904 1631 1035 1707 urbem,
1065 1629 1191 1692 infecto
1225 1626 1366 1708 negotio

316 1745 521 1812 execrando.

274 1889 331 1927 Pac.
355 1887 406 1923 ΠΙ.

265 1953 339 2024 251,
376 1952 407 2023 1,
421 1947 601 2012 enodator
662 1940 754 2004 addit
772 1938 899 2014 Paris,
926 1935 1068 2017 gloriosi
1093 1932 1185 2012 regis
1211 1936 1247 1993 et
1273 1947 1366 1991 mar·

684 2038 771 2122 tyris
787 2043 972 2118 rogaturus
987 2033 1030 2096 de
1047 2030 1268 2095 tribulatione
1285 2047 1365 2090 con-

685 2137 903 2201 solationem.

268 2312 318 2322 —
364 2273 417 2345 25,
437 2270 620 2334 arctissimis
664 2262 756 2327 addit
781 2261 909 2337 Paris,
946 2259 1028 2341 quia
1059 2276 1127 2320 non
1163 2256 1369 2318 invenerunt

687 2368 884 2444 promptum
902 2358 1048 2422 fabrum.
1087 2355 1244 2420 Vocatus
1261 2354 1370 2434 igitur

686 2460 785 2524 saber
814 2459 953 2541 quidam
983 2462 1022 2518 ut
1045 2461 1233 2536 apponeret
1259 2471 1369 2532 genus

688 2558 861 2641 quoddam
880 2553 1094 2637 compedum,
1120 2553 1180 2634 qui
1202 2556 1371 2616 vocantur

688 2656 818 2732 annuli,
860 2653 1099 2734 interrogavit,
1142 2650 1242 2733 eujus
1274 2649 1368 2713 tibiis

687 2754 767 2819 illos
781 2760 990 2836 apponeret3
1018 2757 1053 2814 et
1068 2749 1278 2831 respondens
1295 2748 1371 2828 qui-

690 2853 769 2916 dam
794 2870 912 2915 eorum
935 2851 996 2927 ait,
1014 2848 1187 2911 ‘Huberti
1204 2846 1246 2910 de
1264 2847 1366 2922 Burc,

690 2951 882 3016 seductoris
899 2949 1048 3013 convicti
1068 2953 1103 3010 et
1117 2945 1277 3027 fugitivi?
1318 2943 1370 3008 At

691 3052 787 3114 faber
801 3069 845 3113 ex
864 3048 935 3112 alto
955 3047 1084 3110 ducens
1104 3044 1288 3126 suspirium
1310 3044 1370 3121 ait,
1454 3093 1457 3101 .

690 3150 797 3212 ‘Fiat
819 3148 862 3211 de
882 3167 937 3210 me
959 3145 1127 3229 judicium
1158 3142 1251 3224 quod
1275 3142 1372 3206 vobis

691 3248 825 3330 placet;
866 3243 1070 3327 propitietur
1109 3242 1205 3305 Deus
1247 3241 1372 3304 animae

692 3365 790 3422 meae,
821 3345 909 3409 vivit
940 3343 1031 3408 enim
1063 3341 1248 3415 Dominus,
1284 3358 1371 3401 nun-

677 3464 797 3527 ¹quam
819 3444 929 3506 ferrea
943 3440 1081 3505 vincula
1105 3458 1278 3520 apponam
1298 3437 1370 3514 illi;

693 3550 797 3606 antea
809 3541 936 3604 moriar
951 3557 1154 3622 quocunque
1167 3536 1371 3600 discrimine.

695 3639 822 3704 Nonne
842 3645 896 3701 est
916 3639 983 3700 iste
1007 3635 1187 3699 Hubertus
1216 3634 1372 3698 fidelissi-

695 3756 771 3798 mus
785 3743 820 3799 et
834 3735 1085 3815 magnanimus,
1102 3735 1161 3815 qui
1184 3734 1288 3797 toties
1309 3734 1375 3794 eri-

694 3835 771 3916 puit
797 3831 960 3914 Angliam
985 3853 1007 3895 a
1031 3833 1227 3897 vastatione
1253 3831 1373 3894 alieni·

695 3951 872 4013 genarum,
895 3939 930 3995 et
946 3932 1099 3994 restituit
1120 3928 1284 4011 Angliam
1299 3927 1373 3992 An-

694 4031 800 4111 gliael
839 4029 909 4108 Qui
926 4030 1070 4094 servivit
1086 4037 1156 4093 tam
1175 4033 1374 4092 constanter

694 4137 729 4193 et
760 4128 905 4192 fideliter
935 4129 970 4190 in
1004 4127 1190 4204 Gasconia,
1217 4127 1252 4189 in
1280 4125 1371 4189 Nor-

693 4229 843 4304 mannia,
870 4235 905 4291 et
929 4226 1023 4303 alibi,
1041 4228 1114 4307 regi
1135 4225 1158 4289 J
1161 4225 1287 4289 ohanni
1308 4244 1372 4287 suo
