3150 4992
194 482 204 497 ·
229 450 273 513 64
601 466 802 517 anemonas
826 444 970 515 varum(

227 649 355 713 tumuit
379 650 469 713 enirn
496 650 658 733 superbia
679 650 780 712 nimis
806 654 841 712 et
867 645 1151 723 detractionibus,
1172 646 1334 710 maledic-

227 749 378 812 tionibus
401 757 437 813 et
458 750 691 831 querimoniis,
718 768 796 813 cum
822 748 937 829 potius
963 746 1089 811 divinis
1108 746 1241 829 jugiter
1270 747 1332 809 ob·

228 850 358 930 soquiis
378 856 413 911 ot
439 850 598 932 precibus
616 849 763 913 assiduis
786 848 983 911 incubuisse
1004 852 1190 922 teneretur,
1210 851 1332 928 utpote

228 948 284 1011 diu
314 947 463 1012 afflictus
497 956 532 1012 et
560 948 636 1031 jam
664 968 781 1024 senex,
812 967 914 1029 quem
943 946 1141 1028 frequenter
1173 965 1251 1009 cum
1283 945 1333 1009 la-

227 1047 378 1132 chrymis
411 1048 525 1112 dicere
553 1049 669 1129 potius
696 1047 879 1123 decuisset,
909 1046 1068 1110 ‘Merito
1099 1045 1173 1109 haec
1206 1044 1332 1126 patior,

227 1148 332 1211 immo
355 1147 517 1227 graviora
539 1148 723 1229 promerui,
749 1147 809 1229 qui
829 1147 1021 1227 procaciter
1038 1146 1164 1229 jugum
1189 1145 1337 1233 Domini

229 1247 321 1329 quod
351 1256 403 1311 est
426 1267 547 1324 suave,
575 1256 609 1312 et
635 1266 723 1310 onus
750 1246 825 1329 ejus
860 1244 952 1328 quod
983 1250 1036 1308 est
1064 1245 1152 1320 levo,
1176 1244 1218 1307 de
1242 1244 1332 1307 collo
1377 1306 1379 1309 .

228 1367 305 1411 meo
333 1347 369 1409 in
394 1354 487 1411 terra
507 1354 630 1410 sancta
649 1347 799 1423 excussi,
825 1353 859 1409 et
885 1345 1040 1409 oblatum
1066 1343 1200 1408 caelitus
1226 1343 1333 1408 hono-

229 1466 300 1510 rem
333 1446 506 1510 refutavi.'
558 1446 626 1510 Sed
653 1446 701 1509 nil
727 1446 848 1510 horum
877 1445 913 1507 in
944 1463 1004 1508 ore
1033 1444 1229 1525 arrogantis
1256 1463 1334 1525 per-

228 1546 356 1610 sonuit.
408 1545 566 1628 Contigit
587 1546 695 1628 igitur
711 1565 780 1609 uno
797 1544 927 1608 dierum
944 1544 1157 1620 festivorum,
1175 1562 1253 1606 cum
1271 1564 1333 1607 rex

228 1665 355 1711 novam
381 1647 501 1709 robam
524 1646 566 1709 do
595 1645 744 1710 scarleto
774 1664 923 1721 sumens,
952 1650 1111 1707 assuetus
1139 1643 1182 1707 de
1213 1642 1332 1707 eodem

229 1765 358 1827 panno,
383 1747 518 1828 quoties
548 1753 584 1809 et
604 1746 664 1809 ille
692 1751 900 1828 sumpserat,
923 1743 1022 1808 srat'ri
1045 1762 1108 1806 suo
1136 1749 1334 1806 reverenter

228 1845 475 1922 transmittere,
499 1864 621 1927 capam
644 1853 828 1909 conaretur
849 1843 1003 1920 induere,
1021 1841 1114 1925 quod
1137 1844 1270 1906 invenit
1283 1835 1333 1905 in}

229 1946 371 2009 troitum
390 1946 538 2027 capucii,
558 1946 618 2027 qui
635 1945 792 2026 galerum
810 1943 1002 2025 vulgariter
1021 1941 1157 2006 Gallice
1177 1941 1333 2024 appella·

229 2051 298 2122 tur,
328 2046 429 2108 nimis
462 2051 615 2124 arctum3
649 2044 729 2109 inde
756 2043 914 2125 contigit,
943 2041 1036 2124 quod
1067 2060 1171 2105 unam
1201 2049 1332 2105 suturae

229 2153 435 2225 puncturam
467 2152 603 2209 tantum
634 2143 854 2225 confringens
888 2162 972 2232 eam·
998 2141 1169 2224 deposuit,
1202 2148 1238 2204 et
1271 2141 1332 2218 ait,

229 2244 343 2308 ‘Haec
362 2263 451 2326 capa
476 2244 650 2309 deseratur
674 2244 788 2307 danda
814 2242 914 2306 fratri
935 2261 1012 2305 meo
1037 2241 1129 2318 duci,
1151 2241 1212 2323 qui
1231 2260 1332 2321 argu-

230 2344 299 2407 tius
325 2364 379 2406 me
405 2352 511 2427 caput
531 2343 659 2408 habet'
710 2343 800 2423 Quae
820 2362 898 2405 cum
919 2342 986 2424 ipsi
1008 2341 1124 2405 delata
1143 2340 1264 2405 fuisset
1281 2341 1334 2403 in-

229 2443 378 2521 duenda,
398 2444 532 2507 invenit
554 2444 648 2507 illam
672 2444 746 2527 Jam
774 2444 901 2507 dictam
924 2448 1141 2523 puncturam,
1164 2458 1242 2522 quae
1271 2460 1333 2522 por

231 2544 399 2607 incuriam
416 2543 585 2619 incisoris,
604 2543 686 2625 quia
707 2544 849 2606 minima
871 2548 957 2617 erat,
979 2541 1237 2622 relinquebatur
1263 2560 1333 2603 non

229 2649 358 2707 resuta.
409 2641 472 2706 Ait
497 2642 580 2720 dux,
607 2642 736 2705 ‘Unde
759 2642 846 2719 haec,
871 2660 973 2722 quam
998 2641 1122 2717 sentio,
1142 2640 1331 2704 fractural'

230 2742 276 2806 Et
292 2741 434 2805 nuntius
452 2762 531 2824 quae
549 2743 769 2824 contigerant
783 2741 937 2805 seriatim
959 2740 1038 2804 duci
1054 2740 1234 2806 referebat.
1286 2740 1333 2805 Et

231 2842 304 2904 dux
329 2842 430 2924 quasi
455 2842 527 2906 alto
552 2842 694 2906 vulnere
721 2842 860 2905 saucius
889 2841 1026 2922 irrugiit
1049 2839 1177 2916 dicens,
1204 2840 1332 2904 ‘Heul

230 2941 319 3005 heu!
357 2961 448 3005 nunc
477 2942 579 3005 nimis
611 2943 715 3021 vivo;
751 2940 835 3024 quid
866 2940 979 3003 adhuc
1009 2939 1193 3003 insoelicem
1225 2941 1332 3004 vitam

231 3042 417 3123 pertrahol
470 3042 560 3105 Ecce
589 3041 696 3106 frater
725 3060 834 3117 meuS,
862 3042 967 3103 immo
996 3038 1152 3121 proditor
1177 3058 1273 3103 meus
1298 3047 1334 3104 et

230 3142 486 3223 supplantator,
508 3142 620 3205 minor
647 3150 732 3206 natu
760 3148 796 3205 et
818 3141 965 3222 ignavus
995 3139 1189 3219 clericuluS,
1216 3158 1257 3203 ac
1280 3140 1333 3202 in-

225 3240 380 3323 juriosus
412 3242 510 3323 regni
541 3241 608 3305 mei
639 3261 830 3324 possessor,
867 3239 927 3323 qui
957 3258 1012 3303 me
1042 3239 1270 3303 incarceravit
1299 3247 1335 3304 ot

229 3342 479 3405 incarceratum
504 3342 707 3418 excaecavit,
732 3342 792 3423 qui
810 3348 864 3404 tot
887 3358 1059 3403 armorum
1079 3338 1192 3403 titulis
1212 3338 1332 3417 clarui,

227 3441 301 3523 jam
329 3440 416 3504 adeo
444 3460 498 3503 me
521 3440 654 3523 spernit
679 3448 715 3505 et
740 3440 843 3505 vilem
868 3440 984 3515 habet,
1004 3445 1044 3503 ut
1063 3438 1146 3501 mihi
1167 3446 1332 3521 tanquam

230 3540 466 3621 praebendario
496 3558 560 3603 suo
594 3559 657 3621 pro
683 3540 903 3622 eleemosyna
937 3557 1018 3603 suos
1054 3544 1187 3602 veteres
1221 3545 1335 3602 trans-

231 3640 349 3703 mittat
372 3647 408 3703 et
432 3638 583 3702 dissutas
606 3638 833 3721 panniculos'
886 3638 990 3702 Flens
1014 3638 1122 3720 igitur
1141 3646 1177 3702 et
1198 3638 1334 3721 ejulans

230 3738 371 3803 devovit
393 3738 612 3816 manducare,
640 3758 703 3802 nec
728 3757 879 3822 unquam
909 3745 1031 3820 postea
1056 3738 1168 3802 voluit
1190 3737 1335 3803 mandu-

231 3857 310 3901 care
334 3838 388 3903 vel
419 3839 547 3913 bibere,
579 3839 614 3900 in
647 3839 834 3921 semetipso
872 3837 1062 3902 desaeviens
1092 3845 1129 3901 et
1162 3837 1334 3901 deficiens.

232 3938 334 4015 Quod
363 3958 440 4001 cum
466 3959 528 4002 rex
557 3938 720 4016 audisset,
751 3959 821 4002 non
848 3937 992 4001 multum
1016 3936 1213 4011 condolens
1228 3937 1336 4020 jussit
1418 3930 1422 3941 '

231 4055 356 4119 corpus
390 4038 426 4101 in
459 4038 605 4102 ecclesia
643 4037 865 4104 conventuali
903 4037 1101 4102 Gloverniae
1138 4046 1336 4101 reverenter

231 4137 379 4219 sepeliri.
