3150 4992
598 559 885 609 sunnonucnlos'.

412 813 461 876 De
477 834 556 875 uoco
571 814 715 877 seruitute
728 813 857 877 ecclesia
873 814 1068 899 duplicabo.

237 932 342 998 Anno
362 935 501 999 Domini
522 952 643 998 unxx.
662 956 725 1000 rex
740 937 937 1001 Willelmus
960 938 1131 1002 diabolico
1153 940 1287 1004 excita-

187 1039 242 1098 tus
274 1034 411 1116 spiritu,
434 1034 490 1099 rel
518 1035 685 1099 malorum
708 1035 885 1100 hominum
911 1037 1057 1101 consilio
1082 1036 1287 1116 fascinatus,

185 1132 302 1196 omnia
316 1131 510 1214 Anglorum
527 1135 748 1212 monasteria,
761 1154 841 1217 quae
856 1136 920 1198 sub
935 1137 1147 1217 temporibus
1163 1157 1284 1218 regum

186 1230 327 1312 Angliae
364 1232 595 1314 piissimorum
633 1252 718 1315 pace
753 1240 789 1297 et
822 1234 981 1298 libertate
1010 1236 1286 1315 gratulabantur,

186 1349 272 1394 auro
286 1332 440 1412 spolians
455 1339 491 1395 et
502 1341 647 1414 argento
664 1333 906 1396 insatiabiliter
920 1334 1171 1414 appropriavit,
1185 1354 1286 1399 sanc-

187 1437 300 1492 torum
317 1438 456 1511 patrum
479 1450 548 1495 non
564 1430 720 1494 deferens
738 1431 986 1508 sanctionibus,
1003 1434 1120 1509 cartis,
1134 1441 1197 1497 aut
1213 1442 1291 1499 sta--

187 1527 296 1607 tutis;
329 1530 434 1592 immo
461 1530 563 1592 etiam
593 1548 656 1593 uec
678 1531 813 1595 feretris
844 1531 998 1613 pepercit
1023 1540 1085 1594 aut
1108 1533 1285 1597 calicibus.

187 1626 418 1708 Episcopatus
433 1635 548 1691 autem
564 1636 599 1692 et
613 1629 771 1692 abbatias
786 1649 905 1693 ornnes
922 1649 1000 1711 quae
1017 1631 1178 1694 baronias
1194 1639 1286 1695 teue-

187 1725 283 1801 bant,
311 1733 346 1789 et
373 1733 516 1790 eatenus
545 1729 589 1791 ab
617 1729 709 1790 omni
742 1729 884 1792 servitio
910 1729 1057 1792 seculari
1089 1729 1285 1794 libertatem

186 1823 391 1900 habuerant,
426 1827 490 1889 sub
522 1827 690 1890 servitute
729 1828 855 1890 statuit
893 1827 1054 1905 militari;
1091 1827 1287 1893 iurotulaus

187 1922 408 2005 episcopatus
430 1932 465 1987 et
487 1924 645 1988 abbatias
669 1945 732 2006 pro
756 1926 936 1990 voluntate
961 1945 1025 1988 sua
1048 1934 1134 2006 quot
1159 1928 1286 1992 milites

187 2021 312 2085 sibiet
338 2025 594 2087 successoribus
624 2024 695 2087 suis
724 2023 926 2088 hostilitatis
952 2031 1106 2106 tempore
1131 2026 1243 2089 voluit
1264 2048 1286 2090 a

187 2121 334 2200 singulis
351 2121 517 2185 exhiberi.
569 2123 617 2185 Et
633 2123 765 2186 rotulos
781 2122 886 2206 hujus
905 2123 1083 2187 servitutis
1100 2143 1231 2207 ponens
1249 2126 1284 2188 in

187 2219 369 2298 thesauris,
395 2220 523 2283 multos
540 2221 632 2284 viros
658 2222 922 2298 eoelesiasticos,
945 2222 1025 2285 huic
1048 2221 1286 2286 constitutioni

186 2319 346 2400 pessimae
377 2319 522 2383 rebelles
553 2327 588 2383 et
618 2321 906 2396 contradicentes
944 2340 966 2383 a
998 2340 1106 2400 regno
1137 2321 1284 2402 fugavit,

186 2417 246 2498 qui
269 2418 389 2481 exules
412 2424 447 2480 et
465 2437 635 2502 pauperes
653 2419 810 2483 morituri
831 2420 898 2500 ipsi
915 2425 1062 2501 tyranno
1078 2419 1285 2500 praecordia-

186 2515 266 2580 liter
297 2517 572 2596 maledicebant3
606 2518 696 2581 uude
719 2518 879 2581 timemus
901 2536 944 2580 ne
967 2518 1056 2580 tanti
1078 2517 1182 2581 fuerit
1205 2519 1285 2582 talis

186 2615 401 2697 imprecatio,
428 2623 468 2678 ut
494 2617 531 2679 in
554 2617 666 2698 ipsum
690 2625 725 2681 et
753 2617 788 2679 in
814 2616 943 2679 multos
967 2634 1040 2678 suae
1068 2617 1284 2696 posteritatis

186 2714 401 2778 descenderit
426 2724 631 2797 propagata.
684 2715 756 2779 Sub
783 2714 849 2778 hac
875 2733 957 2778 vero
984 2721 1190 2796 tempestate
1213 2714 1285 2778 Sti·

186 2812 335 2893 gaudes,
376 2813 637 2905 Cantuariensis
678 2813 968 2895 archiepiscopus,
1006 2821 1042 2876 et
1073 2813 1285 2890 Alexander,

188 2911 454 2988 Lincoluiensis,
481 2910 574 2976 facto
607 2912 650 2976 ad
677 2912 800 2976 Scotos
827 2912 971 2994 refugio,
1001 2931 1132 2975 moram
1158 2912 1284 2976 ibidem

187 3009 352 3087 feceruut,
376 3010 420 3074 ad
442 3018 577 3093 tempus
595 3011 786 3075 latitantes.
832 3011 933 3074 Solus
952 3029 1033 3074 vero
1056 3011 1147 3074 inter
1165 3030 1285 3074 omnes

185 3108 323 3189 Angliae
361 3110 524 3191 praelatos
556 3109 768 3190 Egelwinus,
808 3110 1051 3173 Duuelmensis
1089 3109 1285 3191 episcopua,

185 3208 280 3284 exul,
301 3208 412 3271 zelum
434 3209 501 3273 Dei
521 3209 684 3284 retinens,
706 3207 1018 3271 excommunicavit
1032 3207 1211 3270 universos
1232 3226 1283 3270 ec-

184 3307 300 3370 clesiae
316 3307 505 3372 invasores.
553 3306 684 3370 Eodem
701 3325 805 3383 anno,
823 3306 981 3388 deposito
999 3310 1160 3386 apostata
1174 3305 1285 3368 archi-

165 3407 347 3488 episcopo
365 3405 544 3488 Stigando,
564 3406 622 3488 qui
646 3406 742 3488 prius
762 3406 948 3469 simoniace
965 3402 1078 3468 fuerat
1102 3404 1284 3487 episcopus

186 3505 482 3582 Helmhamensis,
505 3524 546 3568 ac
572 3505 733 3587 deinceps
750 3503 1014 3578 Wintonieusis,
1041 3511 1076 3567 et
1100 3504 1284 3567 novissime

187 3603 460 3680 Cautuariensis,
479 3623 612 3667 necnon
630 3610 664 3668 et
681 3605 770 3685 regis
784 3602 951 3667 Willelmi
966 3600 1080 3664 fautor
1105 3602 1282 3680 subdolus,

186 3700 333 3784 turpiter
360 3703 466 3767 cessit
485 3711 521 3767 et
545 3704 679 3786 turpius
702 3702 861 3777 decessit,
884 3702 940 3764 cui
963 3702 1171 3781 subrogatur
1194 3701 1284 3764 Lan-

104 3882 107 3889 ,
185 3799 324 3865 francus
349 3801 616 3879 literatissimus
645 3803 705 3884 qui
724 3821 767 3865 ex
788 3800 957 3865 monacho
985 3799 1151 3863 Beccensi
1177 3801 1284 3863 abbas

185 3900 298 3963 factus
314 3899 539 3965 Cadomensis
558 3901 601 3964 ad
621 3901 751 3964 dictum
774 3898 1095 3981 archipraesulatum
1118 3898 1183 3961 rite
1206 3919 1285 3980 pro-

185 4007 356 4063 movetur.
410 4000 486 4064 Isto
512 4019 594 4064 vero
617 4008 824 4081 procurante
846 4005 1024 4082 promotus
1048 4006 1101 4061 est
1118 3997 1153 4059 in
1177 3999 1283 4063 abba-

186 4105 254 4161 tem
281 4100 393 4163 sancti
423 4098 562 4176 Albani,
591 4098 784 4181 Anglorum
818 4097 1118 4181 prothomartyris,
1153 4094 1284 4161 Paulus

185 4198 375 4262 monachus
403 4199 680 4262 ordinatissimus
706 4199 771 4262 rite
796 4217 837 4262 ac
860 4196 1029 4275 feliciter3
1065 4196 1125 4278 qui
1158 4196 1284 4259 ibidem

186 4306 221 4361 et
252 4299 408 4361 ordinem
446 4299 672 4363 monasticum
709 4297 896 4379 reparavit,
925 4303 960 4359 et
985 4295 1166 4359 ecclesiam
1197 4295 1283 4359 miro

1117 4415 1132 4454 θ
