3150 4992
612 473 813 530 nucrrouns
839 482 974 531 vunrn.
1301 470 1345 533 63

247 605 304 642 Pru.
328 605 380 642 HN.

238 652 314 744 212,
351 665 381 746 7,
399 671 493 732 Auuo
511 717 518 731 .
534 715 541 731 .
558 716 590 731 ..
637 665 730 730 addit
748 666 876 744 Paris,
902 668 1063 752 Synodus
1088 670 1261 751 generalis
1285 672 1348 736 ha·

369 769 412 830 M
413 768 590 832 OXXXJ.
660 765 733 830 bita
749 774 804 830 est
820 767 950 832 Remis.
1004 768 1101 833 Obiit
1120 770 1346 836 Innocentius

525 877 529 882 ⁴
661 885 764 949 papa,
797 868 963 932 successit
997 868 1225 934 Innocentius
1254 889 1348 954 pape

660 963 853 1046 secundus3
881 967 1059 1032 dedicatur
1081 972 1125 1033 ab
1149 970 1269 1034 eodem
1292 991 1346 1035 ec·

659 1064 765 1130 clesia
781 1064 1030 1132 cluniacensis.

236 1228 289 1237 —
333 1193 384 1270 21,
398 1191 574 1277 Auylorum
637 1188 726 1252 deest.

235 1352 289 1362 -
332 1319 384 1394 29,
404 1318 563 1402 Gaufrido
639 1312 734 1376 addit
752 1313 881 1391 Paris,
904 1324 1136 1396 cognomento
1159 1316 1349 1401 Plautuge-

661 1421 749 1478 nest.

239 1542 313 1617 213,
351 1543 383 1618 9,
407 1543 589 1608 Oououtrcu-
637 1537 713 1601 The
733 1536 888 1615 Cotton.,
904 1538 1033 1623 Royal,
1051 1538 1119 1602 and
1137 1540 1345 1624 Cambridge

403 1663 465 1706 som
660 1637 764 1701 MSS.
787 1637 869 1714 add,
887 1643 897 1672 ‘
912 1638 1096 1704 Londonia
1110 1660 1173 1723 pro
1192 1643 1345 1706 maxima

659 1745 758 1820 parte
775 1740 956 1802 cumbusta
973 1739 1051 1802 est!

238 1867 313 1941 214,
352 1867 382 1940 2,
401 1867 496 1929 Anno
522 1914 529 1929 .
553 1914 587 1930 ..
637 1861 729 1925 addit
745 1861 872 1939 Paris„
885 1862 1054 1926 Tenebrae
1076 1863 1179 1929 factae
1200 1874 1283 1930 sunt
1305 1868 1342 1929 in

322 1965 587 2030 MOXXXIII.
660 1960 942 2042 Angliaetterra
953 1971 1049 2026 mota
1065 1972 1135 2044 est3
1156 1965 1209 2029 sul
1224 1966 1345 2030 similis

658 2062 771 2126 factus
792 2071 847 2125 est
863 2063 956 2126 lunae
971 2065 1098 2127 tertiae.
1151 2062 1231 2128 Rex
1246 2065 1344 2129 Hen-

659 2161 751 2225 ricus
805 2171 962 2225 extremo
1014 2163 1255 2228 transfretavit
1308 2173 1344 2228 et

659 2280 799 2324 menum
816 2262 929 2324 sancti
950 2260 973 2324 J
976 2262 1076 2325 acobi
1097 2263 1191 2326 misit
1209 2263 1342 2328 Redin-

658 2378 752 2442 gum.
805 2359 936 2422 Eodem
954 2380 1055 2425 enno.

236 2516 287 2527 -
355 2483 386 2564 7,
403 2507 495 2571 quum
512 2487 587 2571 quic
637 2502 715 2565 quae
729 2483 905 2549 invocata.

390 2587 587 2652 invocaverat

236 2748 287 2757 —
334 2714 384 2788 10,
400 2711 533 2774 uocitati
636 2705 729 2769 addit
753 2705 881 2784 Paris„
906 2705 1035 2770 Eodem
1060 2725 1152 2771 anne
1170 2708 1343 2775 interfecti

660 2812 744 2878 sunt
756 2826 875 2870 omnes
891 2807 1019 2870 milites
1032 2805 1169 2890 Templi
1186 2808 1341 2873 Domini.

658 2905 777 2970 -The
790 2905 930 2970 Cotton.
944 2906 1023 2970 MS.
1033 2906 1271 2983 adds‚‘Netus
1285 2917 1339 2974 est

659 3005 912 3087 primogenitus
924 3004 1075 3069 Galfridi
1091 3006 1342 3090 Plentagenest
1417 2997 1427 3024 i

660 3111 695 3168 et
729 3105 888 3168 Matildis
928 3105 1169 3187 imperatricis
1209 3108 1343 3171 scilicet

661 3203 837 3267 Henricus
853 3203 896 3267 de
910 3203 1090 3267 Henric0.'

235 3365 287 3377 --
333 3331 385 3407 19,
400 3337 540 3415 nepotum
637 3328 772 3410 nepotis
790 3327 857 3391 sui.

402 3450 526 3494 suorum

235 3595 288 3606 —
333 3559 386 3632 22,
406 3553 587 3619 Obiit..ee-
638 3550 684 3614 Et
700 3548 819 3614 eodem
836 3567 941 3624 anno,
967 3567 1044 3610 cum
1068 3547 1240 3611 Dominus
1260 3568 1340 3613 nos·

395 3655 563 3740 pulturcm
659 3659 712 3714 ter
735 3649 758 3713 J
761 3669 841 3712 esus
874 3647 1046 3724 christoe,
1077 3648 1137 3729 qui
1170 3649 1340 3713 neminem

401 3755 518 3840 accepit
658 3750 769 3832 perire
786 3747 971 3824 desiderat,
990 3747 1065 3831 jam
1085 3747 1165 3811 duci
1182 3746 1337 3812 Roberto

656 3850 743 3913 satis
771 3847 924 3930 amplum
947 3846 1097 3929 spatium
1124 3847 1339 3931 poenitentiae

659 3957 694 4012 et
718 3947 968 4013 humiliationis
993 3954 1224 4023 concesserat,
1247 3947 1342 4012 vide·

659 4048 835 4131 licet-jam
857 4048 928 4110 iere
951 4047 1097 4128 triginta
1120 4065 1287 4110 annorum
1305 4049 1341 4110 in

658 4148 807 4212 orbitate
840 4153 1095 4210 transactorum
1128 4154 1164 4210 et
1189 4165 1338 4223 carcere,

661 4247 789 4311 abusus
818 4253 871 4310 est
897 4246 956 4310 illo
989 4245 1057 4309 Dei
1085 4244 1261 4321 beneficio,
1288 4246 1340 4308 in-
