3150 4992
602 471 804 520 nncrlonns
828 475 960 525 VARIAE.

172 623 188 631 ..
225 585 282 624 Pro.
319 588 373 626 niu.

225 649 278 722 33,
340 651 579 739 5‚HoyoBipod
627 655 735 738 Hugo
752 668 871 722 autem
888 660 1014 741 Bigod.

222 809 275 824 -
342 771 578 862 torosqooqoo
624 779 660 843 in
675 782 748 845 suis
761 783 907 868 quisque
922 783 1133 864 regionibus.

382 875 529 958 partibus

190 977 272 1043 ’-
319 999 369 1075 11,
390 998 502 1082 Videon
514 1001 575 1086 ipi-
624 998 758 1063 Videns
780 1001 888 1081 igitur
909 1021 972 1066 rex
989 1000 1187 1064 Willelmus
1211 1021 1328 1066 omnes

385 1106 456 1162 ter.
469 1147 477 1162 .
488 1147 495 1160 .
505 1099 575 1164 sed-
645 1118 744 1181 paene
761 1101 859 1185 regni
879 1119 1038 1182 proceres
1056 1119 1125 1162 una
1141 1101 1236 1164 rabie
1249 1121 1327 1165 con-

384 1209 554 1264 mereeroot
645 1199 807 1279 spiratos,
826 1196 962 1280 Anglos
978 1198 1179 1262 fortitudine
1197 1207 1231 1263 et
1249 1219 1327 1280 pro-

644 1297 753 1360 bitate
770 1297 937 1378 insignes
959 1296 1079 1360 faciles
1096 1297 1191 1379 leges
1215 1305 1251 1361 et
1268 1299 1327 1361 tri·

644 1395 806 1460 butorum
840 1397 996 1461 levamen
1030 1396 1224 1478 liberasque
1257 1397 1326 1459 illis

645 1495 847 1559 venationes
865 1495 1108 1578 promittendo,
1131 1497 1197 1559 sibi
1215 1496 1324 1578 primo

645 1593 826 1672 devinxit3
854 1594 977 1658 deinde
995 1614 1063 1658 non
1086 1594 1211 1657 minori
1230 1603 1326 1657 astu-

645 1693 695 1758 tia
718 1692 897 1774 Rogerum
929 1693 971 1756 de
1001 1693 1325 1757 Monte-Gomerico

642 1810 760 1855 secum
780 1793 1249 1874 equitantem-circumvenit,
1276 1793 1324 1856 di-

642 1909 737 1968 cenS,
750 1911 787 1954 se
806 1892 952 1955 libenter
965 1910 1073 1972 regno
1088 1910 1277 1966 cessurum,
1293 1893 1323 1955 si

642 1987 694 2053 illi
708 1998 744 2053 et
761 1990 851 2067 aliis,
869 2010 957 2071 quos
976 1998 1076 2071 pater
1099 1997 1231 2055 tutores
1256 1991 1322 2053 sibi

644 2088 842 2170 reliquerat,
863 2088 949 2153 utile
977 2088 1161 2153 videretur.
1213 2089 1322 2152 Pecu·

642 2187 718 2250 nias
746 2194 863 2251 autem
899 2188 954 2252 vel
988 2188 1223 2270 possessiones
1260 2208 1323 2270 pro

642 2304 706 2348 suo
737 2286 880 2350 arbitrio
913 2287 1081 2368 accipere,
1114 2293 1150 2349 ct
1180 2305 1322 2368 prorsus

641 2403 856 2466 quaecunque
873 2385 1046 2449 voluerint
1068 2385 1104 2447 in
1128 2404 1237 2465 regno
1257 2405 1321 2467 pro

642 2483 823 2548 voluntate
851 2491 1015 2560 statuere,
1048 2483 1233 2547 dummodo
1261 2503 1323 2548 no-

641 2590 711 2648 tam
733 2582 938 2665 proditionis
953 2601 1023 2645 non
1040 2583 1230 2659 incurrant,
1252 2581 1321 2646 illis

640 2700 678 2743 se
709 2681 907 2745 concedere.
969 2680 1066 2743 Idem
1102 2689 1217 2744 autem
1251 2681 1320 2744 illis

638 2788 843 2844 eventurum
858 2779 950 2862 quod
967 2780 1045 2856 sibi,
1059 2780 1089 2842 si
1098 2799 1199 2842 secus
1214 2799 1319 2862 quam

638 2879 728 2944 ratio
740 2879 968 2960 postulaverit
977 2898 1093 2942 secum
1105 2886 1224 2958 agant,
1233 2898 1320 2960 prae-

638 2978 737 3060 cipue
757 2997 836 3040 cum
855 2976 944 3039 idem
961 2996 998 3039 se
1015 2996 1143 3058 regem,
1161 2977 1220 3057 qui
1240 2977 1319 3040 illos

637 3077 781 3141 comites
821 3077 1048 3139 constituerit.
1105 3075 1174 3137 His
1205 3076 1319 3139 verbis

638 3193 753 3238 comes
778 3175 952 3255 RogeruS,
976 3174 1036 3254 qui
1065 3173 1212 3253 primum
1240 3183 1319 3257 post

639 3271 795 3338 Odonem
819 3271 923 3356 hujus
942 3270 1103 3334 factionis
1121 3279 1227 3353 caput
1241 3272 1317 3349 fuit,

637 3373 816 3436 convictus
833 3378 868 3434 et
882 3378 1086 3446 commotus,
1103 3370 1233 3452 primus
1248 3390 1318 3433 om-

637 3471 732 3533 nium
752 3469 956 3553 poenitentia
978 3468 1102 3532 duetus
1125 3488 1146 3531 a
1165 3470 1238 3532 suis
1258 3469 1317 3533 de·

637 3570 726 3634 fecit.
763 3568 893 3632 Postea
902 3587 964 3631 rex
980 3569 1016 3630 in
1032 3567 1224 3632 desertores
1235 3588 1317 3632 suos

635 3668 812 3751 profectus
841 3668 909 3731 duo
941 3667 1085 3730 castella
1116 3668 1230 3748 patrui
1262 3669 1317 3732 sui

637 3765 770 3830 Odonis
794 3765 958 3847 episcopi,
982 3765 1205 3849 Tunebrigge
1223 3764 1315 3827 scili-

634 3874 690 3929 cet
706 3874 742 3929 et
757 3863 958 3940 Pevenesel,
975 3863 1160 3944 confregit3
1185 3864 1317 3945 episco-

634 3983 718 4046 pum
736 3963 875 4027 veroin
894 3962 1075 4043 posteriori
1099 3961 1243 4025 castello
1265 3963 1315 4024 in-

634 4060 1213 4144 terceptumvinculismancipavit.
1245 4059 1315 4121 Mi·

634 4159 713 4223 lites
738 4167 853 4224 autem
878 4159 964 4240 regii
988 4159 1031 4222 ad
1056 4167 1207 4221 castrum
1231 4158 1314 4221 Ros-

1144 4274 1163 4318 c
