3150 4992
254 468 277 530 4
625 482 826 530 nucrronns
853 481 986 528 vitain.

255 665 373 730 comiti
394 664 553 729 Haraldo
572 652 734 727 Godwini
755 663 840 739 filio,
863 663 923 726 alii
945 670 1069 748 autem*
1082 663 1246 728 lavabant
1265 661 1356 726 Ead-

257 785 342 846 garo
372 765 442 829 lilio
472 763 645 828 Edwardi.
697 762 900 827 Edmundus
933 771 1048 826 autem
1076 763 1354 852 Latus-ferreum

257 885 320 928 rex
341 865 509 929 naturalis
535 864 577 927 de
602 865 709 946 stirpe
730 883 850 945 regum
872 864 993 944 genuit
1015 862 1250 941 Edwardum3
1285 861 1354 925 Ed·

256 964 395 1028 wardus
419 965 628 1044 Eadgarum,
652 965 708 1026 cui
734 962 776 1026 de
798 963 878 1045 jure
902 963 1091 1027 debebatur
1114 982 1258 1045 regnum
1280 960 1362 1031 An-f¹

257 1065 414 1146 glorum3
448 1063 508 1127 sed
536 1063 727 1140 Haroldus,
750 1062 803 1126 vir
827 1062 972 1126 callidus
993 1070 1029 1125 et
1053 1070 1203 1139 astutus,
1232 1061 1357 1125 intelli-

257 1183 343 1244 gens
367 1163 459 1246 quod
481 1164 619 1226 ‘nocuit
640 1181 776 1245 semper
801 1161 935 1225 differre
962 1158 1116 1244 paratis}
1142 1163 1178 1225 in
1202 1163 1257 1226 die
1277 1161 1356 1244 Epi-

257 1264 406 1348 phaniae,
432 1282 502 1346 qua
524 1283 586 1326 rex
600 1262 978 1344 'Edwardussepultus
1000 1270 1065 1339 est,
1086 1269 1226 1326 extorta
1241 1261 1312 1330 ,fide
1333 1281 1362 1324 a.

258 1357 458 1446 majoribus,
484 1363 550 1425 sibi
567 1381 723 1444 regnum,
744 1369 783 1425 ut
800 1362 944 1444 injurias
966 1381 1049 1424 suas
1073 1362 1266 1425 cumularet
1281 1380 1354 1423 arn-

258 1464 398 1545 plioreS,
430 1463 588 1538 diadema
623 1463 696 1526 sine
735 1461 970 1525 ecclesiastica
1004 1463 1211 1526 auctoritate
1243 1461 1354 1542 impo-

257 1563 383 1639 nendo,
412 1563 584 1641 asseruit3
622 1561 713 1625 unde
747 1580 872 1643 papam
904 1560 1143 1625 Alexandrum
1173 1568 1209 1624 et
1236 1579 1364 1627 omues.

259 1660 400 1744 Angliae
423 1663 587 1744 praelatos
609 1662 675 1724 sibi
698 1659 1008 1742 creavitinimicos.
1056 1660 1251 1725 Haroldum
1270 1677 1356 1741 quo-¹

259 1782 327 1843 que
350 1763 467 1844 regem
491 1760 690 1842 Norwagiae
716 1780 795 1824 cum
824 1760 917 1823 mille
945 1761 1092 1824 navibus
1119 1760 1355 1824 adversarium

258 1862 324 1925 sibi
352 1868 588 1926 occurrentem
618 1881 681 1924 rex
708 1858 888 1925 Haroldus
914 1859 1053 1936 devicit,
1081 1860 1172 1924 unde
1194 1860 1357 1942 superbia

259 1960 371 2024 elatus
401 1979 483 2024 suos
514 1960 697 2042 oppressit.
748 1959 830 2023 Jam
863 1959 975 2022 factus
1004 1960 1047 2023 de
1075 1979 1157 2040 rege
1187 1968 1356 2042 tyrannus

259 2060 346 2126 nihil
372 2060 415 2123 de
436 2067 539 2143 pacto
565 2060 657 2123 inter
681 2078 719 2123 se
746 2067 780 2122 ct
802 2059 923 2122 ducem
946 2058 1160 2122 Willelmum
1183 2059 1377 2139 Norman--

259 2179 342 2222 num
362 2159 445 2223 olim
468 2160 693 2224 sacramentis
718 2159 854 2221 firmato
877 2159 1066 2240 cogitabat,
1112 2156 1225 2222 Auxit
1239 2166 1356 2221 autem

259 2259 477 2323 securitatem
496 2260 572 2341 ejus
589 2278 682 2324 mors
699 2258 779 2322 filiae
793 2257 972 2334 Willelmi,
989 2278 1093 2339 quam
1109 2257 1199 2321 infra
1222 2259 1367 2322 nubiles>

261 2379 371 2423 annos
403 2358 643 2441 desponderat.
686 2356 837 2421 *Audito
873 2366 1042 2439 praeterea
1073 2376 1114 2421 eo
1144 2357 1235 2440 quod
1266 2356 1356 2421 idem

261 2457 457 2527 Willelmus
491 2458 634 2521 ducum
650 2458 938 2520 conterminorum
972 2458 1072 2520 bellis
1101 2457 1215 2520 suerat
1242 2457 1367 2538 impli-⁴

261 2566 372 2632 catus,
392 2557 503 2620 minas
524 2557 599 2640 ejus
621 2576 797 2637 nunquam
816 2555 859 2618 ad
882 2556 1011 2619 sactum
1032 2563 1214 2637 erupturas
1237 2575 1367 2638 spera·-

260 2659 332 2721 bat.
360 2655 363 2660 ’
385 2657 644 2720 Sacramentum
673 2674 766 2732 vero,
796 2654 888 2738 quod
915 2656 952 2719 in
984 2657 1189 2720 necessitate
1216 2655 1357 2732 lecerat,

262 2755 409 2820 asseruit
434 2776 502 2819 non
528 2775 604 2819 esse
632 2755 829 2831 tenendum,
855 2774 942 2817 cum*
959 2775 1102 2837 regnum
1132 2776 1200 2819 non
1227 2764 1357 2838 posset,

262 2854 434 2920 Edwardo
458 2855 570 2918 adhuc
595 2875 676 2936 rege
700 2855 850 2930 vivente,
874 2874 937 2917 nec
964 2854 1059 2938 dare,
1085 2875 1148 2919 nec
1173 2857 1249 2938 ipso
1272 2855 1357 2918 illud

260 2953 422 3037 cuiquam
447 2954 633 3019 concedere
655 2954 875 3032 inconsult03
907 2953 967 3016 sed
992 2954 1085 3018 aliud
1110 2954 1309 3031 Haroldus·
1324 2962 1359 3018 et

261 3054 459 3119 Willelmus
482 3054 576 3117 aliud
596 3054 775 3134 cogitavit.
822 3052 915 3116 Nam
939 3054 1100 3134 ‘protinus
1126 3074 1202 3117 cum
1228 3055 1359 3118 Harol-

260 3155 341 3217 dum
367 3154 531 3235 cognovit
554 3153 746 3217 diademate
773 3152 981 3229 redimitum,
1007 3173 1069 3234 per
1096 3154 1235 3222 nuntios
1256 3155 1359 3217 'illum

260 3254 383 3318 leniter
394 3255 436 3317 de
451 3260 553 3335 rupto
564 3253 693 3317 soedere
710 3253 916 3334 increpavit,
930 3251 1104 3316 affirmans
1120 3253 1360 3318 comminando

262 3349 342 3417 ante
365 3372 492 3416 annum
516 3371 592 3415 sese
617 3352 769 3415 debitum
789 3359 1016 3429 exacturum3
1044 3360 1166 3416 contra
1180 3352 1359 3416 Haroldus

262 3472 324 3534 per
357 3452 492 3514 eosdem
523 3449 658 3530 legatos
689 3450 873 3532 praedictos
902 3451 1078 3516 Willelmo
1112 3452 1191 3515 duci
1227 3453 1359 3516 remisit

262 3551 517 3614 excusationes,
569 3548 694 3630 Legati
729 3557 844 3612 autern
882 3550 1032 3614 inaniter
1066 3558 1278 3616 revertentes
1315 3553 1359 3615 ad

262 3650 413 3732 propria,
434 3649 557 3712 ducem
576 3647 847 3728 Normannicum
865 3650 1075 3714 conveniunt
1096 3652 1132 3713 in
1151 3651 1226 3714 hacc
1243 3653 1359 3728 verba,

262 3755 276 3818 ἦ
288 3749 437 3812 Nuntiat
455 3749 552 3811 vobis
573 3767 636 3837 rex
658 3747 849 3829 Anglorum
871 3749 1062 3825 Haroldus,
1080 3750 1172 3832 quod
1193 3752 1364 3819 veraciter

263 3849 468 3912 necessitate
488 3847 698 3929 compulsus,
722 3848 862 3929 quando
882 3848 987 3911 filiam
1006 3856 1157 3913 vestram
1172 3848 1373 3930 desponsa·¹

222 4010 223 4014 ,
264 3955 362 4012 verat
381 3947 416 4009 in
438 3936 670 4027 Normannia',
693 3967 838 4026 regnum
862 3948 924 4010 tibi
945 3948 1078 4030 juravit
1102 3937 1360 4029 Anglicanumss

264 4047 324 4110 scd
352 4055 472 4110 contra
499 4046 564 4110 hoc
592 4047 727 4123 asserit,
754 4051 911 4110 coactum
934 4047 1170 4129 juramentum
1195 4068 1263 4111 non
1287 4069 1363 4121 esse

264 4146 528 4210 observandum.
582 4145 674 4209 Nam
692 4147 722 4209 si
736 4154 855 4210 votum
872 4146 927 4210 vel
947 4147 1191 4230 jusjurandum
1214 4148 1306 4230 quod
1327 4151 1363 4212 in

266 4247 367 4309 domo
393 4247 514 4327 patris,
542 4246 741 4328 parentibus
767 4245 983 4324 inconsultis
1011 4246 1126 4326 puella
1152 4247 1195 4311 de
1219 4267 1363 4335 corpore
