3150 4992
261 453 325 518 130
634 469 836 518 nncrronns
859 469 993 518 vnnrnr.

263 663 333 730 tus,
343 653 479 717 nomine
490 651 632 730 Vitalis,
643 671 719 716 cum
735 652 881 717 daturus
894 660 986 716 esset
997 652 1103 716 liliam
1118 672 1217 716 suam
1231 654 1366 737 nuptui,

263 761 303 818 ut
319 772 471 817 mensam
498 761 711 836 praepararet
733 753 928 830 lautiorem,
941 759 1105 817 venatum
1126 753 1190 817 ivit
1207 755 1242 816 in
1258 775 1367 836 quan-

264 853 343 916 dam
354 852 518 916 forestam
528 853 761 916 vastissimam
772 860 808 915 et
821 852 994 916 desertam
1006 853 1092 916 mari
1105 855 1366 918 conterminam.

264 952 311 1015 Et
326 972 405 1016 cum
416 972 478 1034 per
494 953 595 1016 devia
608 953 713 1015 eremi
729 951 824 1015 solus
840 960 1038 1034 vagaretur,
1051 971 1169 1015 arcum
1187 960 1366 1017 extentum

264 1052 423 1135 bajulans
449 1072 527 1116 cum
553 1052 704 1133 sagittis,
728 1052 918 1134 cupiditate
939 1051 1058 1115 ferinae
1081 1050 1219 1128 ductus,
1245 1053 1366 1117 incidit

264 1151 353 1215 forte
369 1153 405 1215 in
421 1150 557 1216 foveam
579 1159 614 1216 et
628 1151 797 1233 pedicam,
811 1152 981 1228 leonibus,
1003 1152 1104 1230 ursis,
1128 1159 1164 1214 et
1179 1151 1271 1234 lupis
1287 1154 1369 1215 sub·

263 1251 371 1314 tiliter
388 1259 639 1334 praeparatam,;
667 1269 688 1314 a
705 1270 786 1333 qua,
805 1270 882 1314 cum
894 1270 933 1313 os
947 1251 1104 1314 strictum
1119 1259 1211 1315 esset
1227 1253 1369 1334 etpavi-

263 1357 417 1414 mentum
435 1351 642 1433 profundum
660 1358 695 1414 et
709 1350 874 1432 amplum,
891 1351 986 1414 nullo
1001 1350 1104 1414 modo
1120 1353 1235 1432 potuit
1251 1370 1366 1415 ascen-

264 1449 345 1514 dere
357 1451 411 1513 vel
426 1451 583 1514 evadere.
617 1449 757 1513 Invenit
771 1456 887 1512 autem
901 1450 936 1512 in
950 1469 1003 1526 ea,
1016 1469 1094 1532 quae
1106 1450 1225 1513 eodem
1236 1469 1317 1513 casu
1332 1451 1368 1514 in

264 1549 376 1631 ipsam
394 1549 594 1625 inciderant,
613 1550 681 1613 duo
697 1549 850 1613 crudelia
868 1549 1043 1624 animalia,
1060 1548 1194 1612 leonem
1210 1557 1245 1613 et
1262 1570 1367 1613 unum

264 1668 426 1728 magnum
456 1657 673 1732 serpentem
702 1648 762 1712 sed
786 1649 900 1731 ipsum
928 1646 1094 1726 Vitalem,
1121 1649 1181 1730 qui
1207 1669 1244 1712 se
1268 1651 1368 1730 signo

265 1750 375 1812 crucis
400 1749 632 1832 praemunivit,
650 1767 868 1830 nequaquam
893 1749 1106 1824 invaserunt,
1126 1747 1207 1812 licet
1222 1748 1369 1813 famelici

265 1848 366 1911 nimis
382 1856 418 1912 et
437 1849 602 1931 protervi.
655 1848 861 1913 Morabatur
881 1867 964 1929 ergo
984 1846 1055 1911 illie
1082 1854 1158 1911 tota
1184 1847 1246 1911 illa
1268 1857 1369 1912 nocte

264 1955 301 2010 et
316 1949 372 2011 die
389 1949 558 2030 sequenti,
574 1948 727 2012 clamans
745 1955 780 2011 et
797 1946 941 2030 ejulans,
965 1953 1001 2010 et
1021 1954 1166 2012 mortem
1183 1966 1280 2010 snam
1299 1956 1369 2011 tam

265 2049 465 2128 probrosam
483 2047 702 2111 lamentando
718 2047 910 2129 deplorans.
954 2046 1093 2110 Accidit
1110 2054 1224 2110 autem
1241 2055 1281 2111 ut
1296 2048 1369 2130 qni-

266 2145 345 2209 dam
358 2147 590 2231 pauperculus
612 2149 876 2211 carbonatorum
897 2144 1078 2228 sylvicola,
1101 2145 1182 2209 dum
1200 2155 1371 2229 pergeret,

264 2246 468 2329 quisquilias
483 2246 608 2310 ibidem
625 2246 796 2328 lignorum
813 2245 1017 2327 colligendo,
1036 2245 1170 2309 audiret
1185 2246 1369 2311 clamorem

265 2354 300 2408 et
317 2347 493 2428 planctum
520 2347 620 2430 quasi
643 2347 918 2421 subterraneum,
941 2350 975 2408 et
991 2364 1110 2408 vocem
1131 2365 1278 2427 sequens
1294 2366 1371 2429 per·

267 2447 361 2509 venit
387 2446 431 2509 ad
457 2467 496 2510 os
521 2446 629 2529 putei,
660 2453 695 2508 et
718 2445 961 2527 introspiciens
990 2444 1051 2520 ait,
1073 2439 1186 2522 ‘Quis
1210 2464 1246 2507 es
1268 2465 1369 2527 quem

265 2544 406 2608 audiol'
459 2544 505 2609 Et
529 2544 658 2608 Vitalis
684 2545 950 2626 expergefactus
978 2551 1013 2607 et
1033 2544 1175 2625 gavisus
1202 2564 1309 2627 supra
1335 2545 1370 2607 id

265 2644 357 2724 quod
376 2645 444 2707 dici
467 2649 583 2726 potest
599 2644 777 2724 respondit
794 2644 954 2706 alacriter
967 2643 1097 2720 dicens,
1115 2648 1125 2677 ‘
1140 2643 1216 2724 Ego
1233 2644 1369 2725 quidem

267 2743 383 2818 miser,
402 2743 532 2806 Vitalis
560 2750 802 2823 cognomento,
819 2741 991 2819 Venetus,
1015 2743 1074 2824 qui
1105 2743 1247 2824 ignarus
1274 2744 1371 2826 pedi·

265 2860 383 2904 carum
411 2849 446 2905 et
472 2841 742 2924 muscipularum
770 2842 892 2905 harum
926 2841 962 2904 in
993 2841 1127 2905 foveam
1160 2843 1262 2905 istam
1289 2843 1370 2906 feris

266 2941 398 3004 nocivis
414 2942 519 3005 incidi
536 2941 766 3017 devorandus,
781 2943 841 3023 qui
857 2940 948 3005 fame
963 2949 998 3005 et
1015 2942 1138 3006 timore
1152 2943 1369 3006 contabesco.

266 3039 356 3104 Sunt
383 3042 473 3105 enim
500 3041 555 3104 hie
576 3041 657 3118 duo,
682 3061 760 3123 quae
786 3042 927 3104 nimium
952 3041 1169 3124 pertimesco,
1197 3041 1370 3119 animalia,

265 3141 319 3204 leo
341 3142 472 3206 scilicet
489 3142 628 3224 quidam
647 3139 682 3204 et
700 3142 848 3222 anguis;
871 3139 930 3204 sed
947 3139 1072 3217 adhuc,
1093 3141 1244 3204 Domino
1260 3148 1372 3224 prote-

266 3250 381 3322 gente,
404 3242 503 3325 cujus
529 3242 629 3323 signo
653 3260 707 3303 rne
730 3239 950 3315 communivi,
976 3260 1031 3302 me
1054 3261 1124 3304 non
1146 3241 1371 3317 invaserunt3

265 3341 328 3403 tibi
352 3350 549 3405 reservatus
573 3360 661 3412 sum,
686 3349 724 3404 ut
755 3341 818 3404 tibi
845 3340 1067 3403 benefaciam.
1121 3339 1214 3403 Erue
1241 3361 1308 3417 me,
1337 3348 1371 3403 et

265 3441 352 3503 bene
370 3442 433 3503 tibi
449 3441 536 3519 erit;
559 3459 638 3503 ecce
655 3439 718 3502 tibi
730 3439 909 3502 dimidium
933 3441 1100 3502 bonorum
1118 3457 1272 3502 meorum
1290 3460 1371 3504 con·

265 3539 362 3616 cedo,
380 3539 539 3602 videlicet
559 3540 749 3619 quingenta
766 3540 920 3617 talenta3
944 3545 1027 3602 sunt
1043 3539 1135 3602 enim
1156 3538 1240 3601 mihi
1255 3539 1371 3603 mille.’

267 3636 317 3701 At
346 3657 501 3720 pauper;
531 3637 594 3700 ‘Si
627 3638 728 3701 dietis
758 3638 853 3700 lacta
880 3657 1092 3720 compenses,
1125 3638 1249 3701 faciam
1280 3639 1371 3720 quod

267 3736 441 3800 desideras
468 3744 504 3800 et
533 3735 705 3799 hortaris!
757 3735 808 3799 At
825 3736 953 3799 Vitalis
984 3737 1078 3801 dicta
1105 3757 1170 3800 sua
1194 3737 1312 3802 multis
1337 3746 1373 3801 et

267 3837 402 3916 magnis
428 3835 645 3919 juramentis
672 3835 824 3899 Domino
849 3836 1055 3918 interposito
1082 3857 1145 3919 pro
1170 3837 1371 3920 fidejussore

266 3942 300 3999 et
318 3935 384 3999 fide
401 3936 525 4012 media,
543 3934 771 3998 confirmavit.
825 3935 881 4010 Et,
907 3954 985 3998 cnm
1006 3936 1294 4018 colloquerentur,
1318 3938 1372 4000 leo

265 4043 360 4098 motu
379 4036 497 4099 caudae
515 4035 675 4118 saltuque
693 4034 861 4117 jucundo,
880 4043 915 4097 et
932 4034 1089 4098 similiter
1105 4037 1227 4116 anguis
1245 4036 1371 4100 blando

265 4135 366 4198 sibilo
394 4142 429 4198 et
452 4135 559 4198 totius
584 4135 737 4216 eorporis
761 4134 991 4210 volubilitate,
1015 4134 1123 4197 eidem
1149 4137 1291 4217 pauperi
1311 4156 1371 4217 ap-

267 4235 480 4316 plauserunt,
503 4235 603 4316 qnasi
626 4234 865 4298 liberationem
888 4254 987 4298 suam
1015 4254 1092 4297 cum
1109 4235 1228 4298 Vitale
1251 4246 1370 4318 postu-
