3150 4992
594 452 793 500 nucrrouns
818 451 951 499 vaura.
1261 433 1327 500 279

230 574 287 609 Pac.
313 573 365 609 HN·

223 633 300 709 257,
319 637 373 710 31,
390 635 541 699 cocomlo
623 645 757 718 patruo.

223 800 275 810 -
320 758 471 832 35,ctlo‘s
484 759 577 822 dictis
625 780 666 824 ac
688 761 742 824 vir
763 761 982 842 sanguinum,
1006 761 1042 822 in
1064 779 1152 836 eum,
1180 761 1238 842 qui
1265 759 1323 824 diu

392 904 399 918 .
419 904 426 920 .
448 859 576 942 ‚proci-
647 859 730 922 mihi
744 861 897 941 meisque
907 860 1182 923 antecessoribus
1196 861 1232 922 in
1240 860 1326 922 mul-

389 955 472 1020 ura
649 959 694 1023 tis
712 959 857 1023 servivit
872 959 1045 1040 periculis,
1057 959 1136 1040 plus
1150 941 1329 1040 pensando

648 1058 753 1134 mala,
781 1076 859 1140 quae
886 1057 998 1122 adhuc
1020 1077 1090 1120 uon
1112 1065 1194 1121 suut
1218 1056 1326 1120 mani-

648 1157 737 1220 festa
767 1175 808 1220 ac
837 1177 899 1238 pro
923 1176 1004 1219 vero
1035 1157 1192 1238 probata,
1223 1175 1327 1237 quam

648 1256 758 1320 multa
775 1257 877 1333 bona,
895 1255 1078 1337 dequibus
1096 1270 1202 1336 regno
1219 1262 1253 1318 et
1268 1274 1328 1317 no-

649 1355 703 1417 bis
736 1361 873 1418 constat
903 1355 1084 1430 universis,
1116 1354 1327 1418 retribuere!

650 1453 708 1530 Et,
732 1453 786 1517 his
808 1453 920 1529 dictis,
943 1453 1055 1516 flexus
1077 1453 1110 1515 in
1139 1453 1328 1516 misericor-

649 1551 740 1615 diam
757 1553 926 1616 concessit
944 1551 1104 1616 Huberto
1127 1538 1245 1616 omnes
1262 1561 1326 1615 ter·

649 1670 718 1728 ras,
741 1671 828 1734 quas
844 1671 888 1714 ex
905 1651 995 1714 dono
1012 1650 1121 1733 patris
1139 1651 1192 1713 sui
1210 1650 1266 1716 vel
1283 1671 1327 1714 ex

649 1751 820 1832 emptione
836 1749 1047 1832 possidebat,
1061 1750 1188 1814 utinde
1204 1750 1269 1814 sibi
1287 1769 1328 1813 ac

648 1851 721 1912 suis
736 1851 930 1914 necessaria
946 1849 1152 1938 provideret.
1187 1849 1238 1912 At
1252 1848 1288 1911 H
1294 1869 1328 1912 u-

647 1951 766 2013 bertus
800 1950 1052 2031 aliquantulum
1087 1949 1160 2031 jam
1194 1955 1328 2012 erectus

649 2049 829 2111 constituit
860 2048 1081 2129 providenter
1115 2047 1250 2111 fidelem
1287 2065 1327 2110 ac

650 2147 829 2228 providum
846 2166 952 2229 supra
970 2155 1079 2210 terras
1099 2147 1164 2209 sibi
1188 2165 1328 2209 conces·

649 2265 707 2309 sas
759 2247 935 2309 custodem
978 2265 1019 2309 ac
1066 2245 1328 2319 seneschallum,

650 2345 874 2408 Laurentium
909 2344 1052 2421 scilicet,
1087 2345 1247 2406 clericum
1286 2342 1328 2406 de

649 2452 769 2508 sancto
784 2444 935 2521 Albano,
957 2445 1016 2525 qui
1040 2445 1075 2506 iu
1096 2444 1252 2506 omnibus
1271 2439 1329 2505 tri-

650 2543 884 2607 bulationibus
899 2543 1007 2606 eidem
1023 2542 1158 2606 exstitit
1169 2541 1329 2605 Huberto

650 2643 811 2706 solatium
830 2642 1005 2723 singulare
1024 2649 1059 2705 et
1075 2641 1259 2705 immobilis
1274 2659 1328 2702 co·

650 2743 768 2817 lumna
783 2742 951 2806 veritatis,

230 2871 303 2944 258,
343 2869 374 2943 3,
381 2867 492 2950 frater
515 2910 573 2928 ...
625 2866 743 2930 desunt.

390 2962 571 3028 Richardus

395 3084 488 3126 comes

228 3231 278 3241 —
326 3190 375 3263 14,
394 3187 471 3250 desit
627 3179 723 3242 deest
740 3178 785 3242 ad
800 3175 1092 3241 consuetudinem.

231 3308 580 3388 263,19‚dtuasuffi-
626 3309 708 3365 sunt
722 3299 954 3364 manifestata.
1025 3287 1029 3294 ’

394 3407 480 3470 ciaet

230 3575 281 3585 -
325 3567 370 3579 -
395 3531 549 3612 sufficiant
628 3523 720 3588 addit
739 3522 865 3597 Paris,
892 3521 979 3585 Item
1006 3517 1144 3600 scripsit
1170 3512 1329 3578 dominus

652 3642 744 3705 papa
761 3639 866 3703 super
889 3612 1008 3684 eadem
1031 3616 1228 3682 visitatione
1247 3612 1330 3676 saci-

652 3722 741 3785 enda
756 3721 792 3783 in
816 3720 970 3783 ecclesiis
989 3716 1172 3798 exemptis,
1192 3715 1227 3777 in
1253 3732 1329 3795 pro·

653 3821 765 3885 vincia
798 3817 1037 3882 cantuariensi
1070 3816 1157 3890 sitis,
1189 3816 1225 3876 in
1253 3811 1327 3874 haec

652 3921 777 3997 verba3
806 3917 1021 3998 ‘Gregorius
1046 3914 1237 3996 episcopus,
1261 3929 1329 3972 ser-

652 4037 716 4081 vus
737 4035 913 4081 servorum
936 4015 1014 4090 Dei,
1038 4013 1171 4077 dilectis
1189 4011 1268 4073 filiis
1285 4009 1328 4072 de

652 4118 776 4192 Boxle,
803 4113 1052 4188 Cisterciensis,
1086 4119 1121 4175 et
1147 4110 1189 4172 de
1214 4107 1327 4171 Boke-

653 4216 745 4292 ham,
762 4211 1105 4278 Praemonstratensis
1121 4209 1261 4283 ordiniS,
1272 4207 1329 4269 ab·
