3150 4992
612 463 814 513 maculosius
840 463 975 513 VARlAE.

295 646 430 712 litatem
453 647 541 730 regi,
574 653 610 712 ct
635 665 699 712 rex
723 647 859 732 juravit
887 647 1065 711 libertates
1096 642 1351 711 ecclesiasticas

297 754 333 811 et
367 749 477 812 bonas
510 748 605 830 leges
635 766 673 812 sa
706 749 979 822 observaturum,
1011 753 1048 810 et
1082 747 1162 810 lude
1194 745 1351 810 chartam

297 865 396 911 suam
421 847 514 924 fecit,
539 854 576 911 et
603 866 717 912 comes
745 847 920 912 Robertus
947 846 1013 910 sibi
1043 846 1243 928 homagium
1270 844 1351 908 secit

298 947 363 1010 sub
388 947 595 1025 conditione,
621 947 765 1024 scilicet,
791 947 822 1010 si
844 946 1046 1028 dignitatem
1066 965 1165 1009 suam
1186 945 1253 1009 sibi
1278 964 1350 1007 ser·

298 1052 398 1110 vacet
411 1046 592 1122 illibatam,
610 1045 798 1111 secundum
817 1046 902 1109 illud
920 1046 1100 1127 antiquum
1117 1045 1350 1128 proverbium,

299 1143 499 1224 ‘Quamdiu
526 1146 669 1211 habebis
699 1159 754 1210 mc
782 1164 846 1229 pro
870 1151 1044 1222 senatore,
1072 1151 1108 1210 et
1134 1164 1199 1226 ego
1230 1151 1265 1207 te
1288 1161 1350 1226 pro

298 1244 531 1328 imperatore!

258 1392 315 1427 rls.
342 1392 396 1429 ull.

251 1469 567 1550 219‚10,Ecooiom
649 1470 837 1536 Oxoniam.

250 1629 301 1640 —
346 1596 399 1672 19,
416 1594 569 1659 omacio
647 1594 863 1678 proscripsit.

249 1751 300 1764 -
344 1720 397 1794 30,
412 1718 549 1784 accubuo
647 1718 853 1802 proscripto.

252 1839 326 1915 220,
365 1839 397 1913 3,
406 1847 538 1923 proptor
648 1862 712 1925 pro
726 1840 939 1915 Theobaldo,
953 1840 1078 1905 comite
1095 1839 1267 1916 Bleseusi,
1280 1838 1350 1902 fra-

399 1937 603 2002 lbooboldaco
670 1949 724 2005 tro
741 1941 834 2024 regis
852 1940 1021 2024 Stephani
1037 1939 1176 2004 seniori.

455 2054 604 2101 umorem

254 2157 328 2236 221,
346 2159 399 2237 24,
417 2180 510 2245 corpor
649 2163 772 2226 fracta.

252 2284 329 2360 222,
345 2285 397 2360 21,
413 2281 526 2347 David
649 2285 738 2350 dcccl.

253 2407 326 2482 223,
337 2408 398 2482 22,
413 2407 562 2492 ooofhipito
574 2453 601 2474 ..
650 2409 831 2489 conterite,
848 2410 908 2495 qui
924 2410 1050 2475 sciunt.

415 2507 554 2570 basiant

253 2626 328 2702 224,
367 2627 397 2702 3,
413 2647 503 2693 arom
648 2629 738 2695 dam.

251 2783 302 2794 -
369 2744 398 2825 7,
414 2747 536 2815 Albani
648 2751 738 2818 deest.

253 2871 327 2949 225,
344 2874 397 2949 25,
413 2871 480 2958 closo
499 2875 601 2942 ...b-
649 2859 813 2959 episcopo
830 2881 1051 2940 consecratus
1067 2895 1146 2940 cum
1161 2878 1289 2960 legato.

436 2981 487 3037 ato

253 3091 328 3172 227,
367 2995 550 3170 22112ιὶ1)
649 3073 834 3157 Albeneto.

251 3251 302 3266 ...
348 3219 399 3297 14,
412 3219 605 3308 mmmm
649 3217 744 3282 addit
766 3216 894 3296 Paris„
912 3217 1042 3282 Eodem
1068 3239 1159 3284 anuo
1176 3221 1351 3288 Wiutoui-

673 3318 766 3381 ensis
788 3317 971 3400 episcopus
995 3317 1162 3384 invitatos
1183 3320 1227 3385 ad
1247 3343 1351 3404 pran-

672 3416 767 3480 dium
800 3417 969 3498 quosdam
997 3417 1129 3481 nobiles
1161 3423 1275 3502 coegit
1306 3423 1350 3486 ad

672 3515 880 3581 deditionem
926 3515 1120 3597 aliquorum
1159 3529 1350 3586 castrorum

671 3614 869 3696 indignans.
920 3613 1009 3678 Cum
1020 3615 1221 3683 Theohaldo
1237 3622 1350 3685 archi·

672 3714 834 3796 episcopo
856 3722 892 3779 ct
913 3713 991 3777 aliis
1010 3715 1181 3798 episcopis
1207 3726 1244 3782 ct
1264 3740 1350 3801 prae·

671 3811 753 3876 latis
772 3811 914 3895 Angliae
936 3813 1117 3877 concilium
1138 3816 1230 3898 apud
1247 3818 1348 3882 Win-

672 3912 863 3975 tonieusom
906 3909 1114 4000 [civitatem]
1163 3916 1351 3982 celebravit

672 4010 776 4073 tertio
788 4008 953 4074 kalendas
962 4012 1186 4094 Septembris,
1200 4015 1244 4078 ad
1256 4016 1348 4099 quod

673 4126 789 4189 regem
816 4107 957 4173 fratrem
986 4130 1087 4174 suum
1113 4115 1231 4178 vocari
1256 4115 1349 4193 fecit,

672 4207 733 4289 qui
753 4207 913 4273 comitem
936 4209 1135 4275 Albericum
1154 4212 1197 4277 dc
1213 4213 1287 4279 Ver
1312 4217 1349 4278 iu
