3150 4992
273 463 341 532 824
642 477 841 529 uncrronns
864 479 996 528 vnnrn.

277 604 352 742 ddd,
376 604 429 743 Lll,
436 663 557 751 polein
673 665 887 729 ornamentis
902 663 1020 730 variis.

276 830 328 842 -
391 792 424 867 9,
444 785 629 872 Hispanias
676 787 837 871 pretiosis
855 787 898 850 ad
916 786 1025 869 agiles
1044 799 1166 852 cursus
1185 759 1377 851 calcaribus

445 884 630 950 ...maudu-
698 886 962 951 admoventibus
993 887 1209 962 coercebant,
1234 885 1314 949 dum
1343 893 1377 950 et

438 994 631 1070 meopa-
698 1003 827 1049 cannas
850 992 885 1048 et
905 985 1037 1063 hastas,
1055 1005 1141 1068 quas
1163 984 1321 1048 ferebant
1342 987 1377 1048 in

444 1094 515 1149 tuus
698 1085 870 1160 manibus,
897 1085 932 1147 in
963 1085 1180 1162 alterutrum,
1212 1083 1314 1167 quasi
1342 1083 1377 1146 in

698 1183 895 1258 hastiludio,
914 1182 1166 1265 confregerunt.
1219 1182 1378 1247 Advene-

699 1290 781 1346 runt
802 1282 906 1346 etiam
933 1302 994 1364 per
1018 1283 1254 1364 excogitatum
1282 1282 1379 1363 inge-

700 1382 795 1444 nium
819 1400 926 1445 naves
955 1381 1055 1463 quasi
1080 1381 1289 1462 remigantes
1318 1399 1379 1462 per

701 1479 845 1556 aridam,
870 1480 967 1562 equis
990 1479 1200 1544 absconditis
1222 1487 1256 1542 et
1278 1479 1378 1542 tectis

701 1578 820 1641 sericis
849 1579 1072 1660 coopertoriis
1103 1577 1181 1642 illas
1213 1576 1379 1640 trahenti·

702 1679 765 1738 bus
780 1697 789 1756 3
814 1678 988 1759 inquibus
1003 1678 1149 1741 navibus
1167 1675 1281 1739 clerici
1299 1694 1379 1738 sua·

702 1777 793 1838 viter
805 1775 1035 1852 modulantes,
1049 1795 1127 1840 cum
1141 1775 1279 1856 organis
1295 1776 1381 1838 bene

703 1875 919 1950 sonantibus,
953 1873 1172 1938 audientibus
1207 1873 1380 1936 inauditas

703 1992 780 2034 cum
793 1980 933 2055 stupore
942 1973 1096 2037 fecerunt
1106 1972 1282 2036 melodias.
1307 1970 1382 2053 Ap·

703 2071 868 2152 propians
909 2072 1016 2152 igitur
1053 2072 1188 2136 civitati
1226 2070 1379 2136 Coloniae

703 2170 907 2251 imperatrix
922 2170 1049 2233 talibus
1063 2171 1204 2234 intravit
1218 2170 1381 2233 comitata

704 2267 875 2352 tripudiis,
893 2275 934 2332 ut
949 2276 1024 2332 tota
1035 2269 1101 2333 illa
1118 2269 1242 2334 nobilis
1260 2269 1382 2333 civitas

705 2367 832 2447 gaudio
846 2366 1019 2432 videretur
1036 2367 1237 2431 redundare.
1291 2366 1381 2432 Con·

704 2465 879 2530 duxerunt
894 2466 998 2530 etiam
1015 2485 1090 2531 eam
1111 2466 1216 2530 duces
1231 2466 1306 2550 ejus
1322 2485 1382 2548 per

704 2565 912 2647 principales
928 2565 1061 2648 plateas
1078 2566 1241 2642 civitatis,
1262 2572 1381 2628 contra

703 2664 812 2744 ipsius
840 2665 1039 2741 adventum,
1061 2671 1133 2727 tum
1160 2672 1301 2746 propter
1322 2683 1384 2726 no·

703 2762 823 2824 bilium
854 2760 1048 2842 Anglorum
1078 2763 1276 2841 adventum,
1309 2770 1381 2826 tum

703 2867 743 2923 ut
768 2861 818 2924 sic
840 2862 954 2940 gratia
971 2861 1189 2944 imperatoris
1202 2863 1382 2943 aspiraret,

702 2958 939 3043 multipliciter
962 2959 1158 3024 adornatas.
1210 2959 1277 3024 Sed
1303 2980 1380 3024 cum

701 3077 871 3138 generosa
917 3059 1119 3141 imperatrix
1164 3060 1383 3142 cognovisset

702 3158 795 3237 quod
822 3177 952 3236 omnes,
983 3165 1019 3222 et
1046 3160 1218 3241 praecipue
1249 3158 1380 3224 nobiles

700 3263 869 3320 matronae
886 3256 1121 3336 Colonienses,
1139 3279 1217 3342 quae
1236 3245 1273 3322 in
1293 3257 1382 3322 sola-

700 3354 761 3418 riis
776 3355 935 3421 sedentes
948 3364 983 3421 et
994 3356 1209 3438 glomeratim
1224 3359 1259 3422 in
1272 3357 1381 3422 diver-

701 3455 817 3518 ticulis
828 3457 981 3520 vicorum
995 3458 1249 3532 convenientes,
1258 3457 1380 3521 faciem

702 3553 778 3636 ejus
820 3554 935 3619 videre
974 3556 1170 3638 cupiebant,
1211 3557 1380 3638 capellum

701 3671 801 3716 suum
817 3674 860 3718 ex
883 3656 996 3739 capite
1015 3675 1091 3719 cum
1114 3656 1215 3740 peplo
1231 3654 1379 3733 demisit,

701 3758 741 3814 ut
754 3752 906 3816 universi
923 3753 1067 3818 liberum
1082 3754 1118 3818 in
1133 3755 1242 3839 ipsius
1260 3773 1381 3818 serena
1552 3751 1553 3836 j

700 3850 787 3915 facie
803 3860 979 3934 aspectum
993 3852 1159 3918 habentes
1173 3852 1291 3917 oculos
1302 3872 1380 3917 cum
1552 3887 1553 3932 p

699 3957 841 4033 stupore
871 3960 1085 4032 recrearent;
1120 3954 1156 4016 in
1187 3972 1256 4036 quo
1288 3953 1380 4016 facto
1552 3949 1553 4044 l

698 4051 850 4113 omnium
861 4051 1067 4116 intuentium
1084 4052 1261 4117 animosin
1271 4052 1379 4136 ipsius
1551 4047 1553 4122 l

698 4148 913 4213 dilectionem
933 4150 1018 4214 adeo
1038 4152 1230 4228 inclinavit,
1247 4151 1379 4215 utuni-

698 4249 787 4311 versi
809 4256 845 4312 et
863 4250 1002 4331 singuli,
1025 4251 1206 4315 laudantes
1229 4258 1264 4316 et
1277 4252 1383 4315 bene·
