3150 4992
596 465 796 514 LssoTloNEs
819 466 953 513 varin.
1260 445 1325 514 129

214 593 273 632 Pau.
309 593 362 630 ult.

214 659 268 733 89,
309 657 364 730 26,
380 654 496 720 Eodem
616 651 703 715 This
719 651 864 733 chapter
878 652 908 716 is
923 652 1081 734 wanting
1096 652 1132 716 in
1152 653 1201 716 Oe.

215 815 266 828 -
309 815 360 826 -
385 778 546 842 amaea
618 776 783 858 magister
801 774 980 840 Guarinus
995 777 1143 840 scientia
1166 784 1202 840 et
1218 777 1321 840 mori·

638 875 703 938 bus
721 875 898 957 praeditus.

90 991 101 1011 ⁶
213 1038 266 1049 -
310 1003 362 1078 29,
379 1001 537 1066 Jolrocrws
618 1000 786 1082 magister
803 998 993 1076 lohannes,
1016 1000 1129 1063 dictus
1149 998 1192 1062 de
1210 997 1321 1075 Cella,

638 1099 693 1162 vir
708 1100 869 1162 maximae
884 1099 1063 1180 religionis
1078 1107 1113 1163 et
1130 1099 1295 1163 scientiae.

214 1225 268 1300 90,
331 1226 360 1300 1,
376 1223 539 1288 monachus
615 1223 709 1286 addit
731 1223 858 1302 Paris„
880 1231 915 1288 et
934 1224 1033 1306 ¹prior
1054 1223 1150 1288 cellae
1177 1224 1220 1287 de
1234 1223 1321 1288 Wa-

638 1323 818 1404 lingeford.

214 1487 264 1498 -
331 1449 361 1522 4,
378 1448 497 1532 uomit
615 1446 709 1512 addit
741 1448 867 1527 Paris,
899 1450 972 1514 Sub
1011 1450 1130 1514 eodem
1168 1456 1321 1532 tempore

638 1549 732 1630 prior
758 1548 939 1631 hospitalis
967 1549 1189 1614 Hierusalem
1207 1549 1320 1612 factus

638 1655 691 1711 est
708 1647 890 1731 episcopus
906 1650 949 1714 de
966 1650 1119 1730 Bangor.
1172 1649 1319 1712 Eodem·

637 1767 705 1829 que
736 1767 828 1812 anno
859 1749 944 1814 obiit
979 1749 1087 1832 Hugo
1120 1749 1163 1812 de
1193 1748 1318 1823 Fusae,

637 1847 821 1930 episcopus
849 1849 1106 1924 Dunelmensis,
1131 1855 1166 1912 et
1193 1847 1319 1912 Henri-

637 1965 698 2009 cus
714 1947 898 2030 episcopus
915 1948 1168 2030 wigornensis.

214 2111 264 2121 -
309 2069 360 2144 32,
376 2067 429 2131 Eo
616 2069 748 2135 Eadem
765 2092 914 2155 quoque.

213 2194 266 2268 92,
308 2189 360 2268 37,
379 2201 535 2255 transmo-
616 2193 705 2258 Cum
729 2195 804 2259 haec
832 2205 948 2260 autem
970 2197 1013 2260 ad
1041 2196 1133 2278 regis
1160 2197 1319 2261 notitiam

377 2291 484 2355 nicom
637 2296 887 2376 pervenissent,
919 2297 995 2378 ipse
1027 2302 1188 2378 prompta
1213 2296 1318 2359 devo-

638 2395 732 2459 tione
758 2395 932 2459 animatus
962 2396 1051 2459 alios
1083 2403 1243 2458 strenuos
1274 2395 1319 2458 ad

638 2513 725 2576 opus
752 2495 876 2570 crucis,
908 2495 1058 2559 maxime
1088 2514 1176 2577 quos
1203 2494 1320 2559 multi·

636 2592 772 2675 pliciter
800 2594 1030 2672 exaltaverat,
1061 2593 1221 2658 alacriter
1244 2595 1318 2657 ani·

617 2694 766 2772 mahat,
808 2694 1022 2777 persuadens
1066 2701 1106 2757 ut
1141 2700 1213 2757 tam
1255 2714 1319 2776 pro

637 2793 746 2876 ipsius
767 2795 858 2876 regis
880 2793 1005 2868 salute,
1032 2813 1136 2876 quam
1163 2794 1317 2857 ecclesiae

636 2895 851 2975 promotione
878 2900 913 2957 et
938 2894 1154 2976 propriarum
1185 2894 1318 2956 auima-

637 3012 712 3055 rum
735 2992 860 3066 salute,
883 2992 927 3055 ad
945 2993 1097 3056 laborem
1112 2992 1317 3073 praedictum

635 3092 770 3173 accingi
784 3110 854 3154 non
868 3092 1088 3174 pigritarent3
1108 3099 1154 3168 et,
1166 3097 1205 3154 ut
1214 3110 1318 3172 quos·

636 3190 716 3254 dam
747 3191 826 3253 huic
858 3190 987 3254 salubri
1016 3189 1240 3253 admonitioni
1268 3209 1317 3252 re·

634 3289 741 3354 belles
765 3289 902 3354 civilius
930 3289 1205 3371 reprehenderet,
1229 3308 1318 3371 prae-

635 3388 798 3455 dicatoris
819 3391 962 3452 l'ormam
984 3389 1128 3452 induens
1147 3387 1236 3451 hanc
1253 3388 1316 3451 sre-

634 3496 780 3570 quenter
810 3489 1010 3571 parabolam
1046 3488 1316 3552 circumsidenti-

634 3591 699 3654 bus
713 3589 905 3672 replicavit.
953 3660 955 3665 ,

684 3689 784 3752 Tunc
804 3708 886 3752 vero
913 3688 1076 3770 temporis
1098 3688 1245 3769 contigit
1274 3689 1317 3752 de

634 3788 784 3870 quodam
810 3789 885 3850 cive
899 3787 1048 3865 Veners,
1066 3788 1173 3851 divite
1186 3787 1317 3852 scilicet

635 3895 670 3951 et
703 3907 822 3964 avaro,
854 3887 1016 3968 quiddam
1050 3888 1160 3951 relatu
1188 3889 1315 3969 dignis-

634 3988 770 4063 simum,
803 3987 893 4069 qnod
930 3997 1071 4070 propter
1100 3988 1315 4067 ingratorum

635 4086 890 4152 multitudinem
908 4086 988 4151 huic
1001 4087 1138 4169 paginae
1151 4087 1315 4166 duximus

635 4187 865 4250 inserendum.
910 4185 1006 4250 Civis
1022 4187 1128 4266 igitur
1146 4205 1314 4248 memora-

1140 4302 1162 4345 u
