<?xml version="1.0" encoding="UTF-8"?>
<!DOCTYPE html PUBLIC "-//W3C//DTD XHTML 1.0 Transitional//EN"
    "http://www.w3.org/TR/xhtml1/DTD/xhtml1-transitional.dtd">
<html xmlns="http://www.w3.org/1999/xhtml" xml:lang="en" lang="en">
 <head>
  <title>
</title>
<meta http-equiv="Content-Type" content="text/html;charset=utf-8" />
  <meta name='ocr-system' content='tesseract 3.04.00' />
  <meta name='ocr-capabilities' content='ocr_page ocr_carea ocr_par ocr_line ocrx_word'/>
</head>
<body>
  <div class='ocr_page' id='page_1' title='image "appendixadroger00parigoog_0074.png"; bbox 0 0 3150 4992; ppageno 0'>
   <div class='ocr_carea' id='block_1_1' title="bbox 616 453 1354 520">
    <p class='ocr_par' dir='ltr' id='par_1_1' title="bbox 616 453 1354 520">
     <span class='ocr_line' id='line_1_1' title="bbox 616 453 1354 520; baseline 0.011 -8"><span class='ocrx_word' id='word_1_1' title='bbox 616 467 819 514; x_wconf 77' lang='lat' dir='ltr'>unccionns</span> <span class='ocrx_word' id='word_1_2' title='bbox 843 467 979 516; x_wconf 70' lang='lat' dir='ltr'>visin.</span> <span class='ocrx_word' id='word_1_3' title='bbox 1309 453 1354 520; x_wconf 79' lang='lat'>53</span> 
     </span>
    </p>
   </div>
   <div class='ocr_carea' id='block_1_2' title="bbox 241 585 1351 736">
    <p class='ocr_par' dir='ltr' id='par_1_2' title="bbox 241 585 1351 736">
     <span class='ocr_line' id='line_1_2' title="bbox 241 585 1351 736; baseline 0.009 -26"><span class='ocrx_word' id='word_1_4' title='bbox 241 585 316 727; x_wconf 55' lang='lat' dir='ltr'>iii,</span> <span class='ocrx_word' id='word_1_5' title='bbox 332 587 389 727; x_wconf 61' lang='lat' dir='ltr'>ui),</span> <span class='ocrx_word' id='word_1_6' title='bbox 406 651 539 736; x_wconf 72' lang='lat' dir='ltr'>capionis</span> <span class='ocrx_word' id='word_1_7' title='bbox 642 652 735 716; x_wconf 83' lang='lat' dir='ltr'>addit</span> <span class='ocrx_word' id='word_1_8' title='bbox 749 652 876 731; x_wconf 79' lang='lat' dir='ltr'>Paris,</span> <span class='ocrx_word' id='word_1_9' title='bbox 890 654 1066 736; x_wconf 82' lang='lat' dir='ltr'>praecipue</span> <span class='ocrx_word' id='word_1_10' title='bbox 1082 672 1104 717; x_wconf 88' lang='lat' dir='ltr'>a</span> <span class='ocrx_word' id='word_1_11' title='bbox 1122 652 1351 720; x_wconf 89' lang='lat' dir='ltr'>Normannis.</span> 
     </span>
    </p>
   </div>
   <div class='ocr_carea' id='block_1_3' title="bbox 236 774 904 1228">
    <p class='ocr_par' dir='ltr' id='par_1_3' title="bbox 236 774 904 1228">
     <span class='ocr_line' id='line_1_3' title="bbox 238 774 904 860; baseline 0.006 -23"><span class='ocrx_word' id='word_1_12' title='bbox 238 817 291 827; x_wconf 89' lang='lat'><em>-</em></span> <span class='ocrx_word' id='word_1_13' title='bbox 335 778 387 852; x_wconf 78' lang='lat'>28,</span> <span class='ocrx_word' id='word_1_14' title='bbox 402 774 558 860; x_wconf 73' lang='lat' dir='ltr'>subaperct</span> <span class='ocrx_word' id='word_1_15' title='bbox 641 778 904 860; x_wconf 83' lang='lat' dir='ltr'>subjugaverat.</span> 
     </span>
     <span class='ocr_line' id='line_1_4' title="bbox 242 895 781 982; baseline 0.006 -23"><span class='ocrx_word' id='word_1_16' title='bbox 242 895 316 974; x_wconf 83' lang='lat'>167,</span> <span class='ocrx_word' id='word_1_17' title='bbox 334 902 384 975; x_wconf 89' lang='grc'>11,</span> <span class='ocrx_word' id='word_1_18' title='bbox 399 899 530 982; x_wconf 52' lang='lat' dir='ltr'>eusdem</span> <span class='ocrx_word' id='word_1_19' title='bbox 643 896 781 963; x_wconf 78' lang='lat' dir='ltr'>Arabis</span> 
     </span>
     <span class='ocr_line' id='line_1_5' title="bbox 236 1022 801 1098; baseline -0.002 -11"><span class='ocrx_word' id='word_1_20' title='bbox 236 1062 290 1073; x_wconf 95' lang='lat'><em>-</em></span> <span class='ocrx_word' id='word_1_21' title='bbox 335 1027 388 1098; x_wconf 74' lang='lat'>34,</span> <span class='ocrx_word' id='word_1_22' title='bbox 404 1023 576 1087; x_wconf 68' lang='lat' dir='ltr'>dictaverat</span> <span class='ocrx_word' id='word_1_23' title='bbox 641 1022 801 1087; x_wconf 86' lang='lat' dir='ltr'>dictaret.</span> 
     </span>
     <span class='ocr_line' id='line_1_6' title="bbox 240 1145 805 1228; baseline 0.007 -22"><span class='ocrx_word' id='word_1_24' title='bbox 240 1146 314 1221; x_wconf 89' lang='lat'>168,</span> <span class='ocrx_word' id='word_1_25' title='bbox 332 1147 385 1220; x_wconf 90' lang='lat'>10,</span> <span class='ocrx_word' id='word_1_26' title='bbox 393 1145 465 1228; x_wconf 72' lang='lat' dir='ltr'>ybas</span> <span class='ocrx_word' id='word_1_27' title='bbox 641 1147 805 1211; x_wconf 89' lang='lat' dir='ltr'>nondum.</span> 
     </span>
    </p>
   </div>
   <div class='ocr_carea' id='block_1_4' title="bbox 237 1270 858 1432">
    <p class='ocr_par' dir='ltr' id='par_1_4' title="bbox 237 1270 858 1432">
     <span class='ocr_line' id='line_1_7' title="bbox 237 1270 858 1354; baseline 0.008 -23"><span class='ocrx_word' id='word_1_28' title='bbox 237 1308 289 1320; x_wconf 91' lang='lat'><em>-</em></span> <span class='ocrx_word' id='word_1_29' title='bbox 334 1271 388 1343; x_wconf 81' lang='lat'>28,</span> <span class='ocrx_word' id='word_1_30' title='bbox 404 1270 439 1333; x_wconf 81' lang='lat' dir='ltr'>io</span> <span class='ocrx_word' id='word_1_31' title='bbox 456 1270 533 1354; x_wconf 83' lang='lat' dir='ltr'>ipsis</span> <span class='ocrx_word' id='word_1_32' title='bbox 545 1292 589 1334; x_wconf 79' lang='lat' dir='ltr'>eo-</span> <span class='ocrx_word' id='word_1_33' title='bbox 640 1272 676 1333; x_wconf 93' lang='lat' dir='ltr'>in</span> <span class='ocrx_word' id='word_1_34' title='bbox 692 1272 858 1353; x_wconf 84' lang='lat' dir='ltr'>ipsorum.</span> 
     </span>
     <span class='ocr_line' id='line_1_8' title="bbox 401 1389 472 1432; baseline -0.014 0"><span class='ocrx_word' id='word_1_35' title='bbox 401 1389 472 1432; x_wconf 81' lang='lat' dir='ltr'>rum</span> 
     </span>
    </p>
   </div>
   <div class='ocr_carea' id='block_1_5' title="bbox 237 1491 1345 1676">
    <p class='ocr_par' dir='ltr' id='par_1_5' title="bbox 237 1491 1345 1676">
     <span class='ocr_line' id='line_1_9' title="bbox 237 1491 1345 1577; baseline 0.011 -27"><span class='ocrx_word' id='word_1_36' title='bbox 237 1491 313 1565; x_wconf 89' lang='grc'><strong>169,</strong></span> <span class='ocrx_word' id='word_1_37' title='bbox 330 1492 382 1564; x_wconf 92' lang='grc'>16,</span> <span class='ocrx_word' id='word_1_38' title='bbox 396 1493 465 1555; x_wconf 80' lang='lat' dir='ltr'>otei</span> <span class='ocrx_word' id='word_1_39' title='bbox 532 1492 589 1556; x_wconf 73' lang='lat' dir='ltr'>cd</span> <span class='ocrx_word' id='word_1_40' title='bbox 640 1501 675 1556; x_wconf 93' lang='lat' dir='ltr'>et</span> <span class='ocrx_word' id='word_1_41' title='bbox 699 1494 809 1557; x_wconf 89' lang='lat' dir='ltr'>eidem</span> <span class='ocrx_word' id='word_1_42' title='bbox 836 1495 1024 1577; x_wconf 88' lang='lat' dir='ltr'>spopondit</span> <span class='ocrx_word' id='word_1_43' title='bbox 1046 1498 1204 1560; x_wconf 87' lang='lat' dir='ltr'>omnibus</span> <span class='ocrx_word' id='word_1_44' title='bbox 1225 1498 1345 1562; x_wconf 89' lang='lat' dir='ltr'>diebus</span> 
     </span>
     <span class='ocr_line' id='line_1_10' title="bbox 332 1591 1054 1676; baseline 0.011 -23"><span class='ocrx_word' id='word_1_45' title='bbox 332 1633 341 1651; x_wconf 80' lang='lat'><em>.</em></span> <span class='ocrx_word' id='word_1_46' title='bbox 401 1591 510 1656; x_wconf 71' lang='lat' dir='ltr'>terere</span> <span class='ocrx_word' id='word_1_47' title='bbox 660 1593 742 1656; x_wconf 84' lang='lat' dir='ltr'>vitae</span> <span class='ocrx_word' id='word_1_48' title='bbox 759 1613 832 1657; x_wconf 86' lang='lat' dir='ltr'>suae</span> <span class='ocrx_word' id='word_1_49' title='bbox 850 1595 1054 1676; x_wconf 84' lang='lat' dir='ltr'>obligatum.</span> 
     </span>
    </p>
   </div>
   <div class='ocr_carea' id='block_1_6' title="bbox 235 1717 1359 4280">
    <p class='ocr_par' dir='ltr' id='par_1_6' title="bbox 235 1717 1343 2099">
     <span class='ocr_line' id='line_1_11' title="bbox 235 1717 1343 1804; baseline 0.009 -28"><span class='ocrx_word' id='word_1_50' title='bbox 235 1756 286 1767; x_wconf 89' lang='lat'>—</span> <span class='ocrx_word' id='word_1_51' title='bbox 332 1717 384 1791; x_wconf 81' lang='lat'>25,</span> <span class='ocrx_word' id='word_1_52' title='bbox 400 1725 439 1790; x_wconf 81' lang='lat' dir='ltr'>et,</span> <span class='ocrx_word' id='word_1_53' title='bbox 452 1717 587 1803; x_wconf 76' lang='lat' dir='ltr'>sicoop</span> <span class='ocrx_word' id='word_1_54' title='bbox 638 1717 730 1783; x_wconf 83' lang='lat' dir='ltr'>addit</span> <span class='ocrx_word' id='word_1_55' title='bbox 742 1718 868 1796; x_wconf 78' lang='lat' dir='ltr'>Paris,</span> <span class='ocrx_word' id='word_1_56' title='bbox 890 1719 975 1802; x_wconf 91' lang='lat' dir='ltr'>Ipsa</span> <span class='ocrx_word' id='word_1_57' title='bbox 989 1740 1072 1785; x_wconf 90' lang='lat' dir='ltr'>vero</span> <span class='ocrx_word' id='word_1_58' title='bbox 1094 1721 1204 1784; x_wconf 86' lang='lat' dir='ltr'>invita</span> <span class='ocrx_word' id='word_1_59' title='bbox 1225 1723 1343 1804; x_wconf 87' lang='lat' dir='ltr'>nupsit</span> 
     </span>
     <span class='ocr_line' id='line_1_12' title="bbox 401 1814 1343 1901; baseline 0.006 -23"><span class='ocrx_word' id='word_1_60' title='bbox 401 1814 455 1878; x_wconf 80' lang='lat' dir='ltr'>tiis</span> <span class='ocrx_word' id='word_1_61' title='bbox 468 1818 587 1901; x_wconf 68' lang='lat' dir='ltr'>mopsi</span> <span class='ocrx_word' id='word_1_62' title='bbox 660 1818 704 1893; x_wconf 89' lang='lat' dir='ltr'>ei,</span> <span class='ocrx_word' id='word_1_63' title='bbox 721 1819 781 1881; x_wconf 93' lang='lat' dir='ltr'>sed</span> <span class='ocrx_word' id='word_1_64' title='bbox 805 1827 986 1900; x_wconf 85' lang='lat' dir='ltr'>parentum</span> <span class='ocrx_word' id='word_1_65' title='bbox 1007 1831 1042 1883; x_wconf 91' lang='lat' dir='ltr'>et</span> <span class='ocrx_word' id='word_1_66' title='bbox 1057 1821 1244 1884; x_wconf 89' lang='lat' dir='ltr'>amicorum</span> <span class='ocrx_word' id='word_1_67' title='bbox 1262 1841 1343 1884; x_wconf 91' lang='lat' dir='ltr'>con-</span> 
     </span>
     <span class='ocr_line' id='line_1_13' title="bbox 391 1915 1342 2000; baseline 0.007 -23"><span class='ocrx_word' id='word_1_68' title='bbox 391 1915 587 1995; x_wconf 71' lang='lat' dir='ltr'>fieecebebrc-</span> <span class='ocrx_word' id='word_1_69' title='bbox 660 1916 747 1980; x_wconf 91' lang='lat' dir='ltr'>siliis</span> <span class='ocrx_word' id='word_1_70' title='bbox 764 1919 824 1980; x_wconf 86' lang='lat' dir='ltr'>vix</span> <span class='ocrx_word' id='word_1_71' title='bbox 842 1919 1067 2000; x_wconf 84' lang='lat' dir='ltr'>adquiescens</span> <span class='ocrx_word' id='word_1_72' title='bbox 1083 1919 1222 1983; x_wconf 91' lang='lat' dir='ltr'>tandem</span> <span class='ocrx_word' id='word_1_73' title='bbox 1238 1921 1342 1984; x_wconf 83' lang='lat' dir='ltr'>taedio</span> 
     </span>
     <span class='ocr_line' id='line_1_14' title="bbox 401 2015 1342 2099; baseline 0.005 -22"><span class='ocrx_word' id='word_1_74' title='bbox 401 2015 442 2078; x_wconf 80' lang='lat' dir='ltr'>tis</span> <span class='ocrx_word' id='word_1_75' title='bbox 659 2017 783 2080; x_wconf 84' lang='lat' dir='ltr'>affecta</span> <span class='ocrx_word' id='word_1_76' title='bbox 811 2017 998 2099; x_wconf 90' lang='lat' dir='ltr'>adquievit.</span> <span class='ocrx_word' id='word_1_77' title='bbox 1051 2018 1229 2083; x_wconf 82' lang='lat' dir='ltr'>Instantes</span> <span class='ocrx_word' id='word_1_78' title='bbox 1251 2021 1342 2083; x_wconf 91' lang='lat' dir='ltr'>enim</span> 
     </span>
    </p>

    <p class='ocr_par' dir='ltr' id='par_1_7' title="bbox 574 2115 1359 4280">
     <span class='ocr_line' id='line_1_15' title="bbox 659 2115 1340 2199; baseline 0.004 -21"><span class='ocrx_word' id='word_1_79' title='bbox 659 2115 857 2199; x_wconf 88' lang='lat' dir='ltr'>importune</span> <span class='ocrx_word' id='word_1_80' title='bbox 884 2117 1056 2194; x_wconf 88' lang='lat' dir='ltr'>dicebant,</span> <span class='ocrx_word' id='word_1_81' title='bbox 1075 2117 1131 2180; x_wconf 90' lang='lat' dir='ltr'>‘O</span> <span class='ocrx_word' id='word_1_82' title='bbox 1159 2117 1340 2182; x_wconf 86' lang='lat' dir='ltr'>mulierum</span> 
     </span>
     <span class='ocr_line' id='line_1_16' title="bbox 659 2216 1340 2299; baseline 0.003 -21"><span class='ocrx_word' id='word_1_83' title='bbox 659 2217 924 2296; x_wconf 85' lang='lat' dir='ltr'>generosissima</span> <span class='ocrx_word' id='word_1_84' title='bbox 940 2235 982 2279; x_wconf 90' lang='lat' dir='ltr'>ac</span> <span class='ocrx_word' id='word_1_85' title='bbox 998 2216 1209 2298; x_wconf 78' lang='lat' dir='ltr'>gratissima,</span> <span class='ocrx_word' id='word_1_86' title='bbox 1228 2237 1290 2299; x_wconf 88' lang='lat' dir='ltr'>per</span> <span class='ocrx_word' id='word_1_87' title='bbox 1305 2224 1340 2281; x_wconf 87' lang='lat' dir='ltr'>te</span> 
     </span>
     <span class='ocr_line' id='line_1_17' title="bbox 659 2313 1341 2397; baseline 0.006 -22"><span class='ocrx_word' id='word_1_88' title='bbox 659 2315 876 2396; x_wconf 86' lang='lat' dir='ltr'>reparabitur</span> <span class='ocrx_word' id='word_1_89' title='bbox 893 2313 1089 2396; x_wconf 82' lang='lat' dir='ltr'>Anglorum</span> <span class='ocrx_word' id='word_1_90' title='bbox 1111 2315 1257 2397; x_wconf 84' lang='lat' dir='ltr'>genialis</span> <span class='ocrx_word' id='word_1_91' title='bbox 1279 2336 1341 2380; x_wconf 86' lang='lat' dir='ltr'>no·</span> 
     </span>
     <span class='ocr_line' id='line_1_18' title="bbox 659 2413 1339 2496; baseline 0.006 -20"><span class='ocrx_word' id='word_1_92' title='bbox 659 2413 788 2491; x_wconf 91' lang='lat' dir='ltr'>bilitas,</span> <span class='ocrx_word' id='word_1_93' title='bbox 827 2434 905 2496; x_wconf 89' lang='lat' dir='ltr'>quae</span> <span class='ocrx_word' id='word_1_94' title='bbox 939 2414 999 2478; x_wconf 93' lang='lat' dir='ltr'>diu</span> <span class='ocrx_word' id='word_1_95' title='bbox 1037 2414 1270 2495; x_wconf 86' lang='lat' dir='ltr'>degeneravit,</span> <span class='ocrx_word' id='word_1_96' title='bbox 1304 2423 1339 2480; x_wconf 88' lang='lat' dir='ltr'>et</span> 
     </span>
     <span class='ocr_line' id='line_1_19' title="bbox 658 2513 1359 2596; baseline 0.006 -22"><span class='ocrx_word' id='word_1_97' title='bbox 658 2513 771 2577; x_wconf 86' lang='lat' dir='ltr'>soedus</span> <span class='ocrx_word' id='word_1_98' title='bbox 789 2533 993 2594; x_wconf 86' lang='lat' dir='ltr'>magnorum</span> <span class='ocrx_word' id='word_1_99' title='bbox 1014 2514 1206 2596; x_wconf 85' lang='lat' dir='ltr'>principum</span> <span class='ocrx_word' id='word_1_100' title='bbox 1226 2515 1359 2593; x_wconf 44' lang='lat' dir='ltr'>reding</span> 
     </span>
     <span class='ocr_line' id='line_1_20' title="bbox 656 2613 1338 2695; baseline 0.006 -20"><span class='ocrx_word' id='word_1_101' title='bbox 656 2613 861 2694; x_wconf 86' lang='lat' dir='ltr'>tegrabitur‚</span> <span class='ocrx_word' id='word_1_102' title='bbox 873 2614 903 2677; x_wconf 90' lang='lat' dir='ltr'>si</span> <span class='ocrx_word' id='word_1_103' title='bbox 916 2614 1133 2678; x_wconf 88' lang='lat' dir='ltr'>matrimonio</span> <span class='ocrx_word' id='word_1_104' title='bbox 1148 2614 1338 2695; x_wconf 85' lang='lat' dir='ltr'>praelocuto</span> 
     </span>
     <span class='ocr_line' id='line_1_21' title="bbox 656 2712 1337 2793; baseline 0.004 -18"><span class='ocrx_word' id='word_1_105' title='bbox 656 2715 861 2777; x_wconf 89' lang='lat' dir='ltr'>consentias.</span> <span class='ocrx_word' id='word_1_106' title='bbox 915 2712 1018 2791; x_wconf 85' lang='lat' dir='ltr'>Quod</span> <span class='ocrx_word' id='word_1_107' title='bbox 1043 2713 1073 2775; x_wconf 90' lang='lat' dir='ltr'>si</span> <span class='ocrx_word' id='word_1_108' title='bbox 1105 2732 1174 2777; x_wconf 91' lang='lat' dir='ltr'>non</span> <span class='ocrx_word' id='word_1_109' title='bbox 1203 2714 1337 2793; x_wconf 85' lang='lat' dir='ltr'>feceris,</span> 
     </span>
     <span class='ocr_line' id='line_1_22' title="bbox 656 2810 1337 2896; baseline 0.003 -22"><span class='ocrx_word' id='word_1_110' title='bbox 656 2831 761 2876; x_wconf 89' lang='lat' dir='ltr'>causa</span> <span class='ocrx_word' id='word_1_111' title='bbox 784 2814 852 2876; x_wconf 88' lang='lat' dir='ltr'>eris</span> <span class='ocrx_word' id='word_1_112' title='bbox 872 2811 1033 2895; x_wconf 88' lang='lat' dir='ltr'>perennis</span> <span class='ocrx_word' id='word_1_113' title='bbox 1048 2810 1237 2876; x_wconf 77' lang='lat' dir='ltr'>inimicitiae</span> <span class='ocrx_word' id='word_1_114' title='bbox 1251 2833 1337 2896; x_wconf 82' lang='lat' dir='ltr'>gen-</span> 
     </span>
     <span class='ocr_line' id='line_1_23' title="bbox 655 2912 1338 2992; baseline 0.003 -18"><span class='ocrx_word' id='word_1_115' title='bbox 655 2913 739 2974; x_wconf 90' lang='lat' dir='ltr'>tium</span> <span class='ocrx_word' id='word_1_116' title='bbox 764 2913 990 2989; x_wconf 89' lang='lat' dir='ltr'>diversarum,</span> <span class='ocrx_word' id='word_1_117' title='bbox 1015 2919 1051 2975; x_wconf 89' lang='lat' dir='ltr'>et</span> <span class='ocrx_word' id='word_1_118' title='bbox 1071 2913 1251 2992; x_wconf 82' lang='lat' dir='ltr'>sanguinis</span> <span class='ocrx_word' id='word_1_119' title='bbox 1273 2912 1338 2976; x_wconf 93' lang='lat' dir='ltr'>hu·</span> 
     </span>
     <span class='ocr_line' id='line_1_24' title="bbox 655 3007 1336 3075; baseline 0.004 -3"><span class='ocrx_word' id='word_1_120' title='bbox 655 3013 746 3073; x_wconf 89' lang='lat' dir='ltr'>mani</span> <span class='ocrx_word' id='word_1_121' title='bbox 765 3011 941 3075; x_wconf 87' lang='lat' dir='ltr'>effusionis</span> <span class='ocrx_word' id='word_1_122' title='bbox 955 3007 1245 3074; x_wconf 87' lang='lat' dir='ltr'>irrestaurabilis.&#39;</span> <span class='ocrx_word' id='word_1_123' title='bbox 1274 3011 1336 3075; x_wconf 93' lang='lat' dir='ltr'>Vi·</span> 
     </span>
     <span class='ocr_line' id='line_1_25' title="bbox 655 3109 1335 3190; baseline 0 -18"><span class='ocrx_word' id='word_1_124' title='bbox 655 3109 740 3172; x_wconf 87' lang='lat' dir='ltr'>dens</span> <span class='ocrx_word' id='word_1_125' title='bbox 780 3111 889 3190; x_wconf 83' lang='lat' dir='ltr'>igitur</span> <span class='ocrx_word' id='word_1_126' title='bbox 924 3110 1023 3190; x_wconf 82' lang='lat' dir='ltr'>virgo</span> <span class='ocrx_word' id='word_1_127' title='bbox 1058 3110 1335 3189; x_wconf 86' lang='lat' dir='ltr'>clementissima,</span> 
     </span>
     <span class='ocr_line' id='line_1_26' title="bbox 655 3208 1336 3290; baseline 0 -19"><span class='ocrx_word' id='word_1_128' title='bbox 655 3209 747 3290; x_wconf 86' lang='lat' dir='ltr'>quod</span> <span class='ocrx_word' id='word_1_129' title='bbox 771 3215 825 3272; x_wconf 90' lang='lat' dir='ltr'>tot</span> <span class='ocrx_word' id='word_1_130' title='bbox 847 3217 883 3271; x_wconf 91' lang='lat' dir='ltr'>et</span> <span class='ocrx_word' id='word_1_131' title='bbox 903 3215 1078 3271; x_wconf 89' lang='lat' dir='ltr'>tantorum</span> <span class='ocrx_word' id='word_1_132' title='bbox 1101 3208 1254 3271; x_wconf 90' lang='lat' dir='ltr'>consiliis</span> <span class='ocrx_word' id='word_1_133' title='bbox 1278 3229 1336 3271; x_wconf 91' lang='lat' dir='ltr'>ur-</span> 
     </span>
     <span class='ocr_line' id='line_1_27' title="bbox 655 3306 1334 3389; baseline 0.001 -19"><span class='ocrx_word' id='word_1_134' title='bbox 655 3308 817 3388; x_wconf 80' lang='lat' dir='ltr'>gentibus</span> <span class='ocrx_word' id='word_1_135' title='bbox 834 3306 1056 3388; x_wconf 89' lang='lat' dir='ltr'>adquiescere</span> <span class='ocrx_word' id='word_1_136' title='bbox 1073 3307 1238 3388; x_wconf 86' lang='lat' dir='ltr'>oportuit,</span> <span class='ocrx_word' id='word_1_137' title='bbox 1255 3327 1334 3389; x_wconf 86' lang='lat' dir='ltr'>quac</span> 
     </span>
     <span class='ocr_line' id='line_1_28' title="bbox 653 3406 1336 3494; baseline 0.001 -24"><span class='ocrx_word' id='word_1_138' title='bbox 653 3427 729 3494; x_wconf 81' lang='lat' dir='ltr'>curn</span> <span class='ocrx_word' id='word_1_139' title='bbox 764 3406 963 3470; x_wconf 86' lang='lat' dir='ltr'>Christiana</span> <span class='ocrx_word' id='word_1_140' title='bbox 984 3413 1183 3469; x_wconf 85' lang='lat' dir='ltr'>matertera</span> <span class='ocrx_word' id='word_1_141' title='bbox 1213 3415 1336 3471; x_wconf 90' lang='lat' dir='ltr'>sancta</span> 
     </span>
     <span class='ocr_line' id='line_1_29' title="bbox 652 3505 1335 3586; baseline 0.001 -17"><span class='ocrx_word' id='word_1_142' title='bbox 652 3507 871 3570; x_wconf 87' lang='lat' dir='ltr'>sanctissime</span> <span class='ocrx_word' id='word_1_143' title='bbox 903 3506 940 3569; x_wconf 93' lang='lat' dir='ltr'>in</span> <span class='ocrx_word' id='word_1_144' title='bbox 975 3506 1127 3570; x_wconf 89' lang='lat' dir='ltr'>claustro</span> <span class='ocrx_word' id='word_1_145' title='bbox 1158 3505 1335 3586; x_wconf 87' lang='lat' dir='ltr'>religionis</span> 
     </span>
     <span class='ocr_line' id='line_1_30' title="bbox 654 3605 1334 3686; baseline 0 -18"><span class='ocrx_word' id='word_1_146' title='bbox 654 3605 801 3668; x_wconf 89' lang='lat' dir='ltr'>educata</span> <span class='ocrx_word' id='word_1_147' title='bbox 824 3605 950 3682; x_wconf 90' lang='lat' dir='ltr'>fuerat,</span> <span class='ocrx_word' id='word_1_148' title='bbox 983 3612 1019 3667; x_wconf 89' lang='lat' dir='ltr'>et</span> <span class='ocrx_word' id='word_1_149' title='bbox 1043 3612 1164 3669; x_wconf 86' lang='lat' dir='ltr'>votum</span> <span class='ocrx_word' id='word_1_150' title='bbox 1193 3605 1334 3686; x_wconf 82' lang='lat' dir='ltr'>virgini-</span> 
     </span>
     <span class='ocr_line' id='line_1_31' title="bbox 654 3703 1335 3786; baseline 0.001 -19"><span class='ocrx_word' id='word_1_151' title='bbox 654 3706 736 3767; x_wconf 90' lang='lat' dir='ltr'>tatis</span> <span class='ocrx_word' id='word_1_152' title='bbox 754 3704 832 3768; x_wconf 91' lang='lat' dir='ltr'>Deo</span> <span class='ocrx_word' id='word_1_153' title='bbox 854 3703 1097 3786; x_wconf 89' lang='lat' dir='ltr'>spoponderat,</span> <span class='ocrx_word' id='word_1_154' title='bbox 1116 3710 1164 3780; x_wconf 89' lang='lat' dir='ltr'>et,</span> <span class='ocrx_word' id='word_1_155' title='bbox 1180 3712 1220 3767; x_wconf 93' lang='lat' dir='ltr'>ut</span> <span class='ocrx_word' id='word_1_156' title='bbox 1234 3705 1335 3768; x_wconf 92' lang='lat' dir='ltr'>multi</span> 
     </span>
     <span class='ocr_line' id='line_1_32' title="bbox 653 3803 1336 3885; baseline 0 -18"><span class='ocrx_word' id='word_1_157' title='bbox 653 3803 845 3885; x_wconf 90' lang='lat' dir='ltr'>perhibent,</span> <span class='ocrx_word' id='word_1_158' title='bbox 872 3804 986 3868; x_wconf 90' lang='lat' dir='ltr'>velum</span> <span class='ocrx_word' id='word_1_159' title='bbox 1021 3810 1222 3884; x_wconf 88' lang='lat' dir='ltr'>susceperat</span> <span class='ocrx_word' id='word_1_160' title='bbox 1254 3823 1336 3885; x_wconf 88' lang='lat' dir='ltr'>pro·</span> 
     </span>
     <span class='ocr_line' id='line_1_33' title="bbox 653 3902 1334 3984; baseline 0.001 -19"><span class='ocrx_word' id='word_1_161' title='bbox 653 3903 753 3966; x_wconf 85' lang='lat' dir='ltr'>fessae</span> <span class='ocrx_word' id='word_1_162' title='bbox 789 3902 979 3984; x_wconf 84' lang='lat' dir='ltr'>religionis,</span> <span class='ocrx_word' id='word_1_163' title='bbox 1012 3903 1104 3965; x_wconf 90' lang='lat' dir='ltr'>irata</span> <span class='ocrx_word' id='word_1_164' title='bbox 1139 3902 1175 3963; x_wconf 91' lang='lat' dir='ltr'>iu</span> <span class='ocrx_word' id='word_1_165' title='bbox 1209 3903 1334 3967; x_wconf 90' lang='lat' dir='ltr'>mentis</span> 
     </span>
     <span class='ocr_line' id='line_1_34' title="bbox 652 4000 1333 4082; baseline 0.001 -18"><span class='ocrx_word' id='word_1_166' title='bbox 652 4000 742 4065; x_wconf 84' lang='lat' dir='ltr'>dixit</span> <span class='ocrx_word' id='word_1_167' title='bbox 780 4001 1021 4078; x_wconf 88' lang='lat' dir='ltr'>amaritudine,</span> <span class='ocrx_word' id='word_1_168' title='bbox 1056 4000 1139 4063; x_wconf 81' lang='lat' dir='ltr'>‘Ex</span> <span class='ocrx_word' id='word_1_169' title='bbox 1178 4019 1246 4082; x_wconf 93' lang='lat' dir='ltr'>quo</span> <span class='ocrx_word' id='word_1_170' title='bbox 1283 4003 1333 4065; x_wconf 92' lang='lat' dir='ltr'>sic</span> 
     </span>
     <span class='ocr_line' id='line_1_35' title="bbox 651 4100 1333 4182; baseline 0 -18"><span class='ocrx_word' id='word_1_171' title='bbox 651 4108 789 4182; x_wconf 89' lang='lat' dir='ltr'>oportet</span> <span class='ocrx_word' id='word_1_172' title='bbox 818 4101 904 4178; x_wconf 90' lang='lat' dir='ltr'>fieri,</span> <span class='ocrx_word' id='word_1_173' title='bbox 934 4106 1110 4182; x_wconf 91' lang='lat' dir='ltr'>utcunque</span> <span class='ocrx_word' id='word_1_174' title='bbox 1143 4100 1333 4176; x_wconf 90' lang='lat' dir='ltr'>consentio,</span> 
     </span>
     <span class='ocr_line' id='line_1_36' title="bbox 574 4198 1333 4280; baseline 0.001 -18"><span class='ocrx_word' id='word_1_175' title='bbox 574 4205 577 4212; x_wconf 88' lang='lat'>&#39;</span> <span class='ocrx_word' id='word_1_176' title='bbox 652 4199 711 4262; x_wconf 87' lang='lat' dir='ltr'>sed</span> <span class='ocrx_word' id='word_1_177' title='bbox 736 4201 886 4264; x_wconf 84' lang='lat' dir='ltr'>fructum</span> <span class='ocrx_word' id='word_1_178' title='bbox 907 4200 1039 4263; x_wconf 88' lang='lat' dir='ltr'>ventris</span> <span class='ocrx_word' id='word_1_179' title='bbox 1063 4200 1142 4275; x_wconf 88' lang='lat' dir='ltr'>mei,</span> <span class='ocrx_word' id='word_1_180' title='bbox 1161 4198 1253 4280; x_wconf 93' lang='lat' dir='ltr'>quod</span> <span class='ocrx_word' id='word_1_181' title='bbox 1279 4209 1333 4263; x_wconf 90' lang='lat' dir='ltr'>est</span> 
     </span>
    </p>
   </div>
   <div class='ocr_carea' id='block_1_7' title="bbox 0 0 1580 4992">
    <p class='ocr_par' dir='ltr' id='par_1_8' title="bbox 0 0 1580 4992">
     <span class='ocr_line' id='line_1_37' title="bbox 0 0 1580 4992; baseline 0 5"><span class='ocrx_word' id='word_1_182' title='bbox 0 0 1580 4992; x_wconf 95' lang='lat' dir='ltr'> </span> 
     </span>
    </p>
   </div>
  </div>
 </body>
</html>
