3150 4992
260 444 327 508 204
633 448 833 499 cuononis
857 446 989 496 vnnlm.

274 585 331 622 ΡΑΟ.
354 584 407 620 ΗΝ.

263 648 337 723 369,
376 646 408 721 6,
426 643 615 708 hareditotor
660 635 753 700 addit
780 633 906 709 Paris„
931 639 967 695 et
988 637 1110 713 postea
1135 629 1171 691 in
1197 627 1305 703 brevi,
1329 625 1368 688 id

683 742 738 799 est
765 733 898 797 decimo
923 738 1047 795 octavo
1074 727 1240 792 kalendas
1266 725 1289 789 J
1293 725 1368 801 ulii,

686 854 724 898 se
751 833 796 896 ad
828 831 992 895 ulteriora
1023 836 1124 893 terrae
1157 826 1369 890 transferens

685 940 794 998 totam
823 929 1122 1014 circumjacentem
1153 925 1367 1008 provinciam

685 1033 759 1096 sine
785 1029 987 1096 difficultate
1010 1029 1074 1092 sibi
1100 1026 1264 1091 continuo
1287 1025 1369 1087 sub-

681 1131 832 1216 jugavit.

267 1267 340 1346 371,
382 1272 411 1345 l,
427 1265 548 1331 canello
662 1256 806 1320 castello
824 1254 977 1319 civitatis
993 1259 1029 1316 et
1044 1257 1159 1316 castro
1174 1246 1340 1330 episcopi.

264 1437 315 1448 ...
382 1396 411 1468 5,
429 1413 460 1456 se
484 1391 583 1474 conse·
664 1381 818 1445 veniens,

434 1511 503 1554 rora

265 1659 316 1671 -
360 1617 412 1691 14,
423 1614 457 1678 ia
466 1611 617 1678 obsidione
666 1603 872 1688 quindecim.

432 1723 495 1778 octo

268 1838 343 1919 372,
360 1841 413 1915 35,
428 1858 544 1922 smper
559 1835 617 1900 lm-
664 1844 784 1888 secure
804 1823 893 1888 euim
906 1841 1041 1904 semper
1054 1821 1250 1885 habuimus.

434 1936 553 2000 haimos

430 2058 513 2122 spem

268 2159 342 2240 374,
361 2165 414 2237 10,
431 2161 607 2226 Anterum
664 2149 756 2214 addit
782 2147 907 2222 Paris,
941 2145 1059 2230 Hujus
1091 2152 1206 2208 autem
1237 2144 1368 2226 negotii

688 2250 817 2314 veritas
844 2247 925 2310 talis
946 2253 1021 2310 est:
1050 2245 1188 2309 Revera
1209 2265 1278 2308 non
1300 2244 1368 2306 fuit

687 2369 750 2412 rex
767 2347 791 2411 J
794 2347 946 2411 ohannes
964 2345 1061 2429 juste
1079 2344 1133 2408 vel
1153 2345 1219 2408 rite
1237 2343 1368 2428 abjudi-

654 2495 655 2502 κ
688 2455 787 2512 catus
804 2465 826 2509 a
842 2443 1076 2521 Normanuia3
1099 2444 1182 2525 quia
1199 2443 1289 2506 idem
1304 2462 1368 2506 rex

666 2551 669 2560 '
689 2567 757 2610 uon
770 2545 983 2630 judicialiter
991 2543 1051 2606 sed
1062 2543 1229 2608 violenter
1243 2542 1371 2625 spolia-

683 2653 746 2711 tus
766 2644 861 2708 misit
873 2649 1020 2726 propter·
1026 2642 1278 2706 restitutionem
1294 2641 1370 2721 regi

691 2743 904 2808 Francorum
918 2741 1081 2824 Philippo
1095 2741 1235 2805 nuntios
1248 2740 1370 2804 solem-

689 2863 750 2907 nes
773 2849 808 2906 et
826 2841 1022 2924 prudentes,
1041 2840 1214 2916 videlicet,
1243 2839 1369 2903 Eusta-

689 2943 816 3020 chium,
825 2941 1025 3023 episcopum
1034 2939 1231 3022 Elyensem,
1240 2947 1276 3002 et
1288 2939 1368 3002 Hu-

689 3043 824 3106 bertum
840 3041 883 3104 de
904 3040 1036 3120 Burgo,
1055 3040 1147 3102 viros
1168 3039 1315 3102 disertos
1334 3046 1371 3102 et

690 3141 868 3217 facundoS,
883 3139 1082 3220 significans
1098 3137 1129 3202 ei
1146 3138 1239 3219 quod
1261 3138 1370 3200 liben-

691 3250 744 3306 ter
758 3240 893 3304 veuiret
909 3237 954 3301 ad
969 3237 1098 3301 curiam
1114 3256 1211 3300 suam
1221 3237 1295 3321 juri
1309 3257 1370 3318 per

691 3340 808 3404 omnia
828 3357 931 3420 super
947 3337 1008 3400 illa
1027 3336 1241 3419 repariturus
1262 3355 1303 3398 ac
1321 3356 1371 3398 re

692 3457 894 3521 sponsurus,
922 3437 983 3500 sed
1013 3442 1053 3498 ut
1075 3437 1314 3518 provideretur
1339 3437 1371 3498 ei

692 3538 810 3602 salvus
824 3537 1025 3600 conductus.
1061 3534 1109 3598 Et
1119 3535 1296 3617 respondit
1310 3554 1371 3597 rex

692 3635 888 3717 Philippus,
903 3635 963 3698 sed
980 3654 1049 3697 uon
1061 3653 1182 3697 sereno
1199 3634 1300 3697 vultu
1315 3635 1371 3697 vel

692 3733 807 3809 corde,
825 3733 1019 3796 ‘Libenter
1073 3732 1117 3796 Iu
1139 3752 1225 3815 pace
1253 3732 1371 3797 salvus

691 3831 832 3897 veniat!
875 3832 922 3894 Et
932 3832 1147 3915 episcopuS‚‘
1161 3833 1322 3908 Domine,
1337 3839 1373 3895 et

691 3931 847 3995 redeatt'
890 3930 938 3994 Et
949 3931 1117 4007 rex,‘lta
1129 3933 1187 4007 sit,
1196 3932 1227 3995 si
1238 3931 1371 4014 parium

692 4049 833 4093 suorum
863 4030 1033 4114 judicium
1066 4030 1132 4102 hoc
1168 4031 1370 4113 permittat?

693 4130 833 4194 Etcum
851 4129 1103 4212 supplicassent
1120 4149 1240 4194 omncs
1263 4129 1375 4194 nuntii
