3150 4992
633 471 833 520 hadrianus
858 471 990 520 VARIAE.

314 655 482 719 somnium
496 655 624 730 evenit,
646 653 706 717 sed
724 654 759 717 in
776 655 944 734 veritate;
967 655 1024 718 cui
1041 654 1276 719 testimonium
1293 675 1370 738 per-

313 753 408 818 hibet
424 755 538 818 finalis
556 755 605 818 rei
623 761 780 830 eventus,
803 761 839 818 et
859 754 1040 838 cujusdam
1062 754 1192 830 fratris,
1207 754 1369 819 videlicet

312 853 472 919 monachi
498 854 652 918 ecolesiae
678 855 792 917 sancti
813 851 953 930 Albani,
988 853 1156 918 Gileberti
1184 855 1228 919 de
1258 853 1368 918 Sisse·

313 973 428 1031 verne,
445 953 688 1018 testimonialis
704 953 862 1029 assertio,
875 954 936 1036 qui
950 953 1148 1035 frequenter
1165 973 1187 1016 a
1203 952 1369 1036 praedicto

315 1052 471 1118 Roberto
493 1053 543 1116 rei
562 1051 684 1116 seriem
707 1053 961 1130 sciscitabatur,
985 1060 1020 1117 et
1039 1052 1222 1134 diligenter
1243 1054 1370 1117 verita-

313 1159 383 1215 tem
398 1153 462 1216 snb
480 1151 703 1217 attestatione
727 1151 896 1215 tremendi
914 1151 1050 1235 judicii,
1073 1160 1194 1235 utpote
1216 1153 1272 1217 vir
1290 1173 1368 1235 pru-

312 1251 398 1316 dens
419 1259 455 1316 et
468 1252 640 1329 literatus,
654 1250 854 1315 medullitus
870 1251 1078 1334 exploravit.

273 1391 330 1427 tto.
355 1391 406 1428 ult.

262 1454 337 1531 391,
375 1453 537 1531 9,inoisa
664 1451 747 1515 Non
760 1452 851 1529 visu,
863 1452 923 1516 sed
941 1474 990 1530 re,
1006 1453 1082 1517 sine
1098 1452 1216 1536 aliqua
1231 1452 1367 1516 baesita-
1406 1461 1410 1466 ’

428 1573 462 1616 ro
686 1551 969 1617 tione-Erased
984 1552 1052 1617 and
1070 1552 1207 1616 written
1222 1572 1306 1616 over
1322 1553 1366 1636 by

685 1649 787 1715 Paris
804 1652 841 1715 in
860 1651 904 1717 B.

262 1811 313 1821 -
357 1778 409 1852 al,
419 1777 598 1860 pcmtronit
662 1774 875 1839 ascenderat.

263 1899 337 1974 392,
375 1901 406 1975 9,
423 1899 576 1963 continen-
663 1898 921 1963 abstinentiam.

427 1999 505 2061 tiam

262 2156 313 2166 -
358 2124 411 2196 18,
425 2121 530 2186 Porro
554 2124 614 2209 sip-
663 2119 705 2182 In
731 2119 789 2184 the
816 2120 916 2202 place
939 2119 980 2183 of
1001 2118 1099 2184 these
1123 2119 1283 2202 chapters
1308 2121 1367 2185 the

427 2242 538 2286 norum
686 2219 802 2302 Royal
818 2218 894 2282 MS.
910 2219 1036 2302 simply
1055 2218 1183 2301 speaks
1206 2218 1247 2282 of
1264 2221 1365 2283 mira·

684 2319 754 2382 cles
769 2337 809 2381 as
820 2338 898 2382 now
917 2318 1118 2401 appearing,
1135 2319 1207 2382 ‘ita
1219 2326 1259 2383 nt
1274 2320 1365 2383 vide

683 2426 803 2482 rentur
830 2417 1065 2500 apostolorum
1086 2425 1242 2500 tempora
1263 2439 1363 2482 reno-

682 2518 757 2581 vari
770 2517 793 2594 ;'
819 2518 881 2581 bnt
905 2517 1003 2595 adds,
1024 2522 1125 2598 ‘quae
1148 2524 1289 2600 propter
1308 2538 1367 2582 eo-

682 2636 758 2679 rum
773 2616 1028 2680 multitudinem
1047 2616 1210 2680 omittens
1225 2616 1268 2680 ad
1288 2637 1362 2681 ma·

676 2715 759 2798 jora
780 2715 920 2779 cronica
936 2715 972 2779 S.
984 2715 1115 2779 Albani
1135 2735 1178 2779 ea
1197 2716 1285 2779 scire
1307 2737 1366 2780 vo·

680 2813 791 2878 lentes
807 2813 1029 2893 transmitto,'
1044 2814 1105 2878 sol.
1121 2814 1175 2879 68.

261 2941 334 3016 393,
374 2940 404 3015 6,
421 2940 573 3023 anapia>
660 2939 835 3020 martyris.

259 3101 310 3109 -
355 3066 406 3142 29,
424 3063 502 3128 calio
658 3062 817 3127 cervisia.

259 3189 333 3264 394,
350 3185 401 3265 27,
420 3209 560 3273 appara-
658 3186 751 3250 addit
770 3186 898 3262 Paris,
920 3186 1050 3266 quaein
1072 3186 1236 3251 bonorem
1253 3190 1365 3253 sancti

423 3296 513 3352 arant
680 3285 704 3348 J
707 3287 806 3350 acobi
835 3285 1072 3368 principaliter
1094 3295 1130 3350 et
1150 3295 1364 3365 sanctorum,

680 3404 743 3467 pro
792 3405 939 3467 quorum
981 3385 1204 3449 veneratione
1247 3386 1363 3468 fulgor

680 3485 830 3548 caelestis
852 3484 1026 3566 apparuit,
1049 3485 1175 3548 ibidem
1194 3484 1365 3550 fabricata

679 3585 919 3647 venerabatur.

257 3709 331 3782 395,
351 3708 402 3781 18,
421 3704 591 3768 continetur
656 3707 853 3770 continetur
869 3706 962 3790 apud
980 3716 1137 3772 sanctum
1153 3705 1343 3772 Albanum.

257 3831 331 3906 396,
371 3833 400 3904 5,
416 3809 546 3912 corporo
656 3831 805 3913 pignora
820 3831 1135 3913 processionaliter.

255 3990 306 4000 —
350 3955 403 4028 18,
417 3951 608 4037 reprimitur
656 3955 721 4018 sibi
738 3956 890 4036 penitus.

254 4111 305 4120 -
349 4076 402 4150 24,
420 4074 596 4137 irrororaot
654 4076 869 4140 decorarent.

253 4241 303 4251 -
348 4201 400 4275 29,
416 4198 592 4284 octioqenta-
655 4199 907 4263 trecentesimo.

416 4317 492 4362 ramo
