3150 4992
256 457 300 519 90
630 472 832 520 anemonas
856 472 990 520 unuin.

254 654 406 734 negotio.
460 652 563 731 Quod
590 673 667 716 cum
703 661 829 718 cuncta
861 654 995 718 rediens
1023 654 1281 738 archiepiscopo
1311 677 1365 720 re·

255 754 429 817 nuntiaret
451 754 551 816 vultu
575 753 723 816 demisso
749 772 791 816 ac
814 755 919 827 tristi,
938 755 1116 837 respondit
1138 754 1366 838 archiepisco-

255 873 321 934 pus
339 854 529 936 suspirans,
545 853 648 916 ‘Sine
666 852 780 929 modo,
799 855 873 916 sine
890 854 1026 932 mod03'
1054 861 1088 918 et
1101 874 1243 919 movens
1259 862 1366 937 caput
1414 845 1418 848 ⁶

254 952 386 1015 addidit
407 953 507 1035 quasi
529 953 653 1034 spiritu
676 953 890 1034 prophetico,
908 953 1076 1030 ‘Siccine
1095 955 1222 1018 siccine
1240 955 1362 1018 adesse

255 1051 418 1115 festinant
445 1059 602 1133 tempora
619 1052 924 1116 consummationis
937 1053 964 1117 t’
1016 1052 1136 1117 Abbas
1160 1061 1276 1118 autem
1293 1073 1364 1116 non

254 1151 427 1214 intellexit
449 1154 604 1228 verbum,
630 1151 690 1215 sed
713 1160 836 1233 postea
857 1153 972 1216 omnia
997 1159 1193 1235 patuerunt.
1246 1153 1293 1216 Et
1313 1155 1363 1215 in-

255 1257 355 1315 tuens
372 1252 485 1334 ipsum
504 1252 664 1315 abbatem
681 1251 781 1314 oculo
806 1252 961 1332 piissimo
986 1259 1022 1314 et
1041 1252 1113 1316 sere
1134 1251 1362 1335 lachrymanti

251 1351 312 1427 ait,
328 1357 338 1385 ‘
352 1351 500 1414 Domine
513 1352 632 1427 abbas,
650 1356 766 1432 grates
783 1351 845 1414 tibi
860 1351 971 1414 refero
987 1371 1027 1415 ac
1046 1353 1167 1416 uberes
1183 1352 1227 1415 de
1243 1353 1362 1415 labore

252 1457 312 1513 tuo
330 1451 412 1515 licet
428 1451 563 1527 inutili;

437 1607 536 1666 ‘Non1
551 1617 594 1666 est
608 1608 635 1664 in
651 1607 760 1665 medico
776 1627 887 1685 semper
901 1607 1043 1665 relevetur
1056 1617 1089 1666 ut
1102 1627 1197 1686 aeger3

455 1704 603 1762 Interdum
618 1704 711 1762 valida
725 1705 789 1782 plus
805 1704 879 1762 valet
893 1713 954 1762 arte
967 1704 1092 1763 malum!

254 1859 301 1922 Et
311 1857 503 1941 subjunxit,
518 1857 597 1920 ‘sed
610 1857 730 1940 etipse
744 1858 898 1939 portabit
907 1857 981 1921 sine
992 1857 1157 1922 dilatione
1162 1857 1360 1940 judicium3'

254 1966 290 2021 et
328 1958 514 2040 respiciens
554 1956 697 2020 clericos
736 1956 1024 2021 circumsedentes
1062 1957 1194 2021 addidit
1232 1957 1361 2034 dicens,

254 2057 379 2134 ‘Ecce,
411 2057 513 2120 amici
543 2056 622 2133 mei,
652 2055 734 2138 quid
761 2057 920 2137 contigit,
948 2057 1027 2140 plus
1053 2057 1135 2120 fecit
1162 2056 1245 2119 mibi
1269 2077 1360 2121 nunc

255 2157 411 2239 obsequii
427 2164 462 2220 et
478 2156 656 2220 civilitatis
668 2157 734 2219 iste
749 2157 867 2231 abbas,
882 2157 941 2237 qui
958 2157 994 2219 in
1015 2156 1110 2220 nullo
1128 2155 1211 2218 mihi
1225 2163 1360 2220 tenetur

254 2258 441 2338 obligatus
457 2275 560 2337 quam
577 2274 695 2318 omnes
712 2254 902 2318 confratres
919 2250 954 2319 et
968 2255 1176 2337 suffraganei
1199 2256 1267 2319 mei
1289 2257 1361 2338 epi-

254 2358 350 2440 scopi
363 2357 384 2437 ;’
418 2362 633 2438 praeceperat
663 2355 753 2418 enim
783 2356 890 2418 abbas
921 2355 1082 2419 recedens
1112 2354 1203 2437 apud
1230 2354 1360 2419 Wood-

254 2455 375 2520 stocke
398 2455 537 2518 cellario
563 2474 638 2529 suo,
668 2461 708 2518 ut
733 2455 889 2536 quotidie
912 2456 1024 2537 ipsum
1053 2454 1360 2537 archiepiscopum,

253 2556 314 2636 qui
345 2575 453 2637 prope
484 2561 571 2630 erat,
599 2554 758 2617 munifice
782 2555 952 2619 visitaret.
1007 2554 1095 2618 Cum
1122 2555 1230 2636 igitur
1253 2556 1360 2618 abbas

254 2654 392 2718 domum
409 2654 582 2718 rediturus
605 2660 739 2737 peteret
753 2653 1049 2736 archiepiscopum
1066 2654 1239 2730 obnixius,
1258 2655 1360 2738 junc-

253 2755 299 2818 tis
317 2755 486 2830 manibus,
502 2761 542 2818 ut
556 2753 758 2835 dignaretur
773 2754 930 2817 caritatis
952 2755 1080 2817 iutuitu
1095 2754 1233 2818 domum
1248 2755 1359 2816 sancti

255 2852 384 2916 Albani
403 2853 447 2916 ad
471 2852 612 2930 Natale,
634 2852 726 2936 quod
748 2852 959 2931 imminebat,
984 2873 1049 2917 sua
1071 2853 1360 2917 desideratissima

254 2954 441 3036 praesentia
457 2953 642 3030 illustrare,
666 2959 701 3016 et
717 2959 834 3016 tenere
856 2953 980 3016 ibidem
1007 2953 1131 3016 festum
1150 2951 1279 3016 Christi
1298 2972 1360 3015 ua·

255 3054 402 3117 tivitatis
426 3060 461 3117 et
482 3051 623 3134 Angliae
646 3053 920 3135 protomartyris
951 3053 1129 3136 respondit
1156 3052 1286 3116 obortis
1312 3052 1359 3115 la·

254 3153 404 3236 cbrymis
419 3153 655 3237 archipraesul‚
671 3159 681 3186 ‘
698 3152 728 3216 Ο
744 3172 847 3235 quam
862 3153 1007 3215 libenter
1024 3153 1159 3229 vellem,
1174 3151 1234 3215 sed
1250 3153 1359 3216 multo
1398 3180 1403 3193 1

253 3255 354 3319 aliter
368 3255 545 3318 definitum
562 3260 635 3330 est;
659 3252 747 3316 vade
764 3253 800 3315 in
817 3272 913 3334 pace,
927 3258 1027 3334 pater
1047 3252 1244 3330 carissime3
1271 3251 1359 3315 vade

253 3355 296 3417 ad
329 3355 508 3418 ecclesiam
544 3360 652 3428 tuam,
687 3371 791 3432 quam
827 3351 997 3415 Dominus
1031 3357 1235 3430 conservet3
1269 3350 1360 3414 vado

252 3461 368 3516 autem
391 3453 435 3517 ad
459 3471 570 3515 meam
594 3449 817 3514 sufficientem
837 3449 1106 3527 excusationem,
1123 3469 1230 3532 quare
1245 3456 1359 3513 tecum

252 3553 320 3614 non
337 3552 447 3614 venio.
501 3550 569 3613 Sed
583 3557 621 3613 tu
640 3550 768 3631 potius,
787 3551 816 3612 si
832 3550 906 3613 fieri
921 3557 1049 3633 potest,
1066 3570 1200 3614 mecum
1215 3549 1306 3626 veni,
1320 3557 1360 3612 ut

250 3670 347 3714 meus
379 3651 427 3713 sis
451 3650 609 3725 conviva,
632 3656 668 3712 et
693 3649 728 3710 in
751 3649 1044 3726 tribulationibus,
1065 3650 1190 3732 quibus
1211 3649 1360 3725 abundo,

250 3746 469 3813 consolator.'
531 3748 634 3827 Quod
662 3768 739 3811 cum
773 3749 953 3826 renuisset,
986 3750 1069 3832 quia
1100 3749 1254 3832 oportuit
1281 3769 1358 3812 eum

250 3849 426 3914 solemniis
447 3868 520 3912 suae
537 3849 702 3913 interesse
723 3848 878 3912 ecclesiae
902 3849 938 3911 in
962 3855 1062 3911 tauta
1083 3847 1284 3924 festivitate,
1304 3867 1359 3911 ac·

249 3958 351 4032 cepta
379 3947 615 4013 benedictione
633 3949 740 4011 abbas
763 3950 916 4013 recessit.
969 3947 999 4011 Ο
1029 3949 1169 4029 quantis
1199 3948 1359 4011 lamentis

440 4113 448 4146 ¹
462 4115 521 4164 Non
532 4120 571 4164 est
582 4116 608 4162 in
619 4115 717 4162 medico
729 4129 828 4175 semper
838 4115 964 4162 relevetur
974 4119 1004 4162 ut
1015 4130 1100 4176 aeger3

460 4185 591 4234 Interdum
603 4187 672 4233 docto
684 4185 743 4245 plus
755 4185 822 4233 valet
833 4188 886 4232 arte
897 4185 1000 4232 malum.

845 4253 923 4303 Ouid.
936 4255 1002 4314 Epp.
1015 4269 1046 4302 ex
1060 4255 1150 4319 Ponto,
1162 4268 1181 4305 1.
1195 4255 1232 4303 iii.
1247 4259 1285 4304 1⁷.
