3150 4992
247 439 313 505 192
614 454 815 502 nnorrouns
839 455 973 502 viarm.

257 581 314 616 PAG.
338 579 390 616 lna.

248 645 323 718 333,
362 643 394 716 2,
412 662 466 706 raa
647 640 834 724 praedictus
849 641 996 706 crudelis
1014 661 1088 720 rex,
1106 643 1211 708 immo
1226 663 1348 708 eruen-

669 748 726 804 tus
742 739 801 804 ille
820 748 998 824 tyrannus

246 910 298 924 ...
364 872 395 942 3,
413 869 512 932 Boves
647 865 774 943 Boves,
789 866 963 931 seductori
980 866 1141 949 fugitivo.

246 1035 297 1046 -
363 993 393 1067 6,
411 991 489 1055 soa.
502 1038 510 1055 .
523 1037 529 1051 .
541 1011 596 1054 ao·
648 989 775 1053 Eorum
793 996 909 1054 autem
923 1009 1026 1056 easus
1041 1009 1119 1054 cnm
1135 989 1179 1054 ad
1198 1010 1325 1072 regem.

411 1091 514 1155 titium

246 1257 296 1267 -
364 1216 397 1292 9,
406 1217 582 1300 permansit
647 1216 708 1279 vix
732 1235 770 1278 se
789 1223 913 1298 potens
934 1233 1057 1298 capere
1078 1215 1113 1278 in
1138 1234 1256 1280 amaro
1283 1216 1351 1280 fre·

669 1314 756 1379 mitu
775 1316 928 1397 seipsum
952 1315 1166 1380 corrodebat.
1218 1315 1349 1381 Eadem

670 1422 783 1491 nocte,
812 1434 882 1497 qua
905 1414 1007 1496 periit
1028 1412 1137 1496 Hugo
1154 1415 1197 1479 de
1221 1416 1349 1493 Boves,

669 1513 762 1578 facta
776 1521 830 1578 est
847 1520 1034 1597 tempestas
1051 1513 1219 1591 inaudita,
1235 1517 1348 1599 qualis

670 1634 740 1679 non
771 1614 1048 1696 praevidebatur3
1079 1612 1211 1678 scilicet
1242 1617 1348 1693 venti,

670 1713 810 1797 pluviae,
833 1715 994 1791 tonitrus,
1023 1722 1058 1778 et
1081 1715 1348 1780 coruscationes.

671 1813 829 1895 Contigit
853 1820 893 1877 ut
919 1833 962 1877 ex
990 1812 1118 1879 virtute
1145 1814 1348 1880 obedientiae

670 1914 824 1995 oportuit
855 1913 1027 1996 quendam
1063 1914 1269 1978 monachum
1306 1915 1350 1979 de

670 2020 791 2078 sancto
836 2013 975 2079 Albano
1020 2020 1214 2078 manentem
1256 2016 1349 2098 apud

671 2112 833 2190 Binham,
882 2113 1075 2178 Robertum
1125 2114 1261 2178 nomine
1306 2114 1349 2178 de

670 2212 853 2290 Westuna,
883 2219 922 2277 ut
952 2213 1018 2276 iret
1054 2212 1099 2276 ad
1138 2212 1349 2292 Norwicum,

671 2319 718 2389 et,
755 2333 834 2377 cum
867 2312 904 2375 in
936 2313 1048 2376 medio
1079 2312 1211 2376 itineris
1246 2322 1350 2391 esset,

671 2420 749 2477 orta
772 2419 826 2477 est
844 2412 906 2477 illa
929 2418 1129 2494 tempestas,
1150 2422 1186 2477 et
1199 2414 1348 2477 medium

670 2513 782 2576 noctis
809 2518 896 2586 erat,
923 2519 959 2576 et
973 2512 1058 2576 vidit
1080 2511 1271 2578 exercitum
1295 2514 1349 2577 in-

672 2611 916 2674 numerabilem
962 2611 1203 2694 equitantium,
1242 2633 1350 2696 equos

670 2709 843 2774 maximos
871 2717 906 2775 et
931 2711 1062 2792 nigros,
1088 2731 1166 2775 cum
1196 2713 1349 2776 candelis

670 2809 877 2893 sulphureis,
892 2829 1038 2892 quorum
1055 2831 1124 2875 non
1141 2818 1217 2875 erat
1235 2832 1350 2877 nume-

672 2929 741 2985 rus,
762 2910 822 2993 qui
849 2916 885 2974 et
907 2909 973 2992 ipsi
1002 2910 1171 2975 monacho
1195 2911 1350 2976 adhaere-

669 3010 754 3074 bant
771 3009 959 3074 seoundum
975 3010 1148 3092 quendam
1165 3003 1348 3077 'ordinem

248 3171 300 3184 --
344 3136 600 3214 laetaturam
648 3154 712 3218 pro
740 3154 844 3218 posse
875 3133 1127 3212 dissolverent;
1164 3136 1257 3200 unde
1284 3136 1352 3220 ipsi

669 3235 794 3299 inclusi
832 3253 939 3316 supra
979 3232 1118 3297 modum
1160 3235 1351 3317 angustiati

668 3353 763 3418 saepe
787 3354 864 3398 cum
888 3333 1167 3397 lamentabilibus
1191 3336 1350 3418 suspiriis

671 3434 844 3510 dicebant,
855 3432 905 3496 ‘0
923 3432 1073 3516 perjure,
1090 3433 1261 3516 Operfide
1280 3435 1351 3500 Ro-

669 3533 766 3597 berte
780 3532 830 3596 fili
845 3532 1012 3598 Walteri!
1036 3533 1094 3596 ubi
1111 3541 1192 3599 sunt
1210 3533 1351 3598 fallaces

669 3631 914 3714 promissiones
937 3639 1021 3709 tuae,
1042 3633 1253 3699 assertiones
1272 3653 1350 3698 oum

665 3729 894 3815 jurejurando
905 3731 933 3794 l'

250 3899 301 3912 ....
345 3857 398 3934 20,
414 3854 460 3920 ud
473 3875 566 3920 arrae
647 3854 739 3920 adntit
754 3854 881 3934 Paris,
897 3856 958 3920 sed
974 3856 1075 3920 nimis
1090 3876 1178 3921 sero.

286 4046 295 4080 ¹
310 4047 447 4109 Ordinem]
471 4049 502 4099 C.
513 4048 587 4112 adds,
598 4049 624 4098 in
634 4063 667 4098 no
680 4063 741 4110 very
748 4050 787 4098 in·
812 4053 901 4098 umet
915 4049 1020 4110 qnidam
1033 4050 1119 4111 garcio
1133 4046 1205 4115 (enm
1220 4049 1293 4112 virga
1307 4064 1352 4098 ro·

249 4119 373 4181 telligible
386 4118 477 4179 lorm,‘
490 4119 522 4167 lu
536 4119 612 4168 erinis
628 4134 750 4180 equorum
762 4123 787 4168 et
812 4119 861 4168 luit
880 4134 938 4168 eum
954 4115 1096 4187 deponere)
1112 4123 1137 4168 et
1152 4118 1262 4169 adhaesit
1280 4134 1351 4169 snm·

250 4190 340 4251 cappis
357 4194 383 4238 et
394 4189 500 4251 capellis
516 4189 578 4238 etin
590 4191 698 4250 capucio
709 4189 788 4250 finali,
812 4190 895 4238 mitati
908 4190 998 4250 virgae,
1018 4193 1044 4237 et
1059 4188 1111 4239 iere
1128 4203 1215 4240 omnes
1229 4190 1256 4239 in
1272 4204 1350 4252 parvo

251 4260 319 4322 quod
337 4265 409 4310 extra
425 4260 557 4322 appellum
567 4260 701 4322 apparuit3
718 4259 788 4310 stetit
812 4263 923 4321 tempore
934 4254 1069 4310 obierunt?
