3150 4992
228 437 295 501 136
597 451 798 501 crcrrorurs
826 448 959 500 varra.

230 639 296 700 bus
320 635 555 719 amplioribus,
574 636 617 699 de
641 643 741 700 nocte
759 656 821 718 per
845 654 979 699 murum
1003 634 1164 699 dimissus
1185 635 1218 697 in
1240 654 1335 716 mag-

232 757 313 801 num
339 737 431 817 regis
456 736 617 799 damnum
643 735 831 818 prudenter
856 737 988 814 evasit3
1015 735 1266 817 castellumque
1292 733 1334 797 de

233 835 433 900 Bona-villa
446 854 551 917 supra
566 833 679 912 Tuke,
692 835 752 898 ubi
769 835 1040 912 custodiebatur,
1058 835 1160 898 laetus
1173 843 1208 898 et
1222 835 1336 897 ridens

233 956 315 1000 suos
339 936 512 1012 custodes,
534 954 555 998 a
576 942 674 1016 tergo
696 934 874 999 salutavit.
928 934 1029 999 Unde
1057 954 1119 998 rex
1142 933 1336 1015 Anglornm

234 1053 356 1099 versus
383 1035 574 1099 Robertum
603 1033 645 1097 de
671 1034 746 1098 Ros
771 1036 893 1098 merito
920 1034 1021 1098 nimis
1047 1035 1157 1097 iratus
1181 1033 1274 1115 cepit
1293 1034 1337 1095 ab

234 1135 295 1199 illo
324 1134 417 1198 mille
447 1142 482 1198 et
510 1134 676 1197 ducentas
706 1153 854 1210 marcae,
877 1134 1038 1198 videlicet
1067 1140 1235 1216 quantum
1264 1134 1338 1214 ipse

237 1234 347 1316 Hugo
370 1235 529 1316 captivus
550 1252 614 1316 pro
637 1252 701 1296 sua
723 1241 798 1297 erat
820 1233 1022 1297 liberatione
1045 1232 1253 1308 redditurus
1276 1252 1338 1313 pro

237 1353 302 1398 sua
318 1334 530 1415 negligentia
544 1341 579 1396 et
596 1331 760 1415 praecepti
777 1332 864 1413 regii
881 1333 1175 1414 transgressione3
1199 1340 1234 1396 et
1250 1331 1338 1395 Wil-

237 1434 376 1497 lelmum
391 1432 433 1496 de
450 1433 593 1515 Spineto
606 1431 712 1515 jussit
730 1432 886 1514 patibulo
903 1424 1119 1515 praesentari.

290 1533 423 1596 Diebus
454 1550 592 1614 quoque
622 1533 686 1595 sub
715 1532 843 1595 eisdem
874 1551 988 1596 comes
1017 1531 1040 1595 J
1043 1531 1209 1607 ohannes,
1234 1529 1342 1594 frater

239 1633 332 1714 regis
360 1631 538 1708 Richardi,
566 1651 668 1713 quem
694 1649 757 1694 rex
786 1632 829 1694 ad
856 1650 953 1695 arma
980 1631 1061 1695 licet
1090 1650 1157 1693 non
1189 1629 1340 1693 desidem

240 1732 423 1808 animarat,
447 1738 482 1794 et
503 1730 732 1794 cruentissimi
747 1731 906 1813 ruptarii,
921 1732 1046 1813 quibus
1061 1729 1202 1811 sanguis
1220 1729 1340 1791 huma-

238 1851 304 1894 nus
333 1850 396 1913 pro
428 1831 523 1893 nullo
553 1831 781 1912 reputabatur
812 1831 869 1895 vel
905 1831 1024 1912 praeda
1049 1830 1105 1893 vel
1133 1828 1339 1904 incendium,

239 1929 451 1994 Markadeus
475 1930 598 2011 Algais
621 1938 656 1994 et
674 1929 905 2012 Lupescarus,
932 1930 1071 1994 natione
1093 1927 1341 2004 Provinciales,

239 2039 350 2094 terras
370 2029 462 2110 regis
482 2029 706 2106 Francorum,
729 2049 811 2111 rege
830 2029 976 2113 jubente
1006 2029 1194 2106 Richardo,
1226 2036 1343 2092 exter-

239 2131 346 2195 minio
369 2128 490 2192 lethali
506 2136 743 2206 vastaverunt,
762 2129 928 2206 ecclesiae,
951 2128 1057 2204 aetati,
1076 2128 1131 2193 vel
1153 2127 1343 2192 conditioni

241 2230 380 2293 minime
412 2235 603 2312 parcentes.
664 2228 924 2293 Insidiabantur
955 2236 1070 2292 autem
1097 2229 1247 2291 maxime
1274 2228 1344 2308 epi·

242 2349 348 2411 scopo
369 2328 575 2392 Belvacensi
596 2327 757 2411 Philippo
781 2335 818 2392 et
841 2328 993 2413 ejusdem
1012 2327 1266 2403 archidiacono,
1288 2325 1348 2408 qui

243 2437 354 2492 metas
371 2427 499 2493 ordinis
517 2428 570 2490 sui
587 2427 804 2509 impudenter
823 2427 1116 2509 transgredientes
1132 2426 1265 2491 bellicis
1286 2445 1345 2488 ne-

242 2527 347 2607 gotiis
364 2527 548 2608 vigilanter
564 2527 792 2604 indulserunt,
807 2528 898 2591 unde
911 2547 979 2590 non
998 2527 1213 2589 mediocriter
1228 2545 1344 2606 regern

243 2625 455 2689 Richardum
486 2625 760 2689 damnificarant.
812 2626 1006 2689 Trahentes
1036 2627 1125 2689 enim
1155 2627 1345 2688 exercitum

243 2725 419 2807 copiosum
436 2731 552 2788 castra
567 2725 733 2788 nonnulla
754 2725 846 2806 regis
872 2725 1038 2788 Richardi
1056 2725 1225 2789 violenter
1242 2744 1341 2787 occu·

243 2830 426 2906 paverant,
441 2823 567 2886 milites
590 2843 630 2889 ac
658 2825 848 2889 servientes
877 2827 1142 2907 interceperant,
1167 2831 1202 2888 et
1217 2823 1345 2886 multos

244 2923 371 2987 eisdem
396 2923 595 2987 resistentes
625 2924 897 3002 trucidaverant,
918 2944 980 2988 nec
1010 2934 1189 2988 cessarunt
1213 2923 1267 2987 die
1291 2922 1347 2986 vel

245 3031 346 3087 nocte
372 3023 499 3086 talibus
524 3022 657 3106 jugiter
680 3023 882 3105 indulgere3
905 3031 1003 3088 erant
1031 3043 1178 3105 namque
1204 3023 1347 3098 strenui,

245 3122 414 3204 generosi,
428 3129 463 3187 et
481 3129 649 3206 potentes.
688 3123 769 3187 Una
786 3125 893 3206 igitur
909 3124 1039 3188 dierum
1058 3122 1140 3185 dum
1154 3123 1235 3186 dicti
1253 3122 1347 3185 Mar-

246 3222 372 3287 cadeus
394 3231 429 3286 et
445 3222 676 3305 LupescaruS,
697 3224 756 3305 qui
781 3224 886 3288 duces
904 3222 1043 3286 fuerunt
1068 3230 1218 3285 catervae
1244 3241 1348 3302 quam

246 3322 393 3387 Ruttam
419 3341 594 3398 vocamus,
621 3323 807 3386 militantes
827 3325 891 3387 sub
911 3322 1036 3386 comite
1059 3320 1083 3384 J
1086 3322 1221 3385 ohanne
1241 3321 1347 3383 fratre

245 3425 337 3503 regis
358 3415 538 3497 ¹Richardi,
567 3421 815 3504 equitationem
838 3423 992 3487 facerent
1017 3422 1245 3504 impetuosam
1267 3428 1348 3483 ante

244 3522 420 3586 civitatem
448 3520 707 3597 Belvacensem,
736 3521 861 3602 praedae
888 3520 1104 3584 intendentes
1124 3526 1159 3583 et
1180 3520 1349 3601 captioni·

247 3622 325 3697 bus,
353 3619 573 3698 indignantes
596 3618 815 3684 vehementer
843 3639 946 3701 super
973 3619 1037 3683 hoc
1061 3619 1214 3684 civitatis
1240 3620 1350 3701 ipsius

246 3721 431 3802 episcopus
471 3717 654 3800 Philippus
699 3726 733 3782 et
770 3719 924 3802 ejusdem
962 3719 1235 3794 archidiaconus,
1271 3737 1350 3780 cum

247 3821 347 3902 plebe
375 3817 485 3880 multa
510 3818 618 3899 ipsius
646 3818 811 3895 civitatiS,
837 3819 1014 3900 eleganter
1042 3819 1086 3881 ad
1112 3838 1261 3898 unguem
1293 3837 1349 3880 ar-

248 3919 331 3982 mati
359 3917 519 3980 exierunt
546 3923 666 3980 contra
694 3937 766 3995 eoS,
794 3925 833 3981 ut
862 3925 993 3982 tantam
1017 3919 1179 4001 injuriam
1207 3917 1350 3998 repelle-

247 4028 325 4081 rent
355 4024 390 4080 et
424 4023 584 4098 potenter
615 4017 839 4081 vindicarent.
893 4017 1088 4081 Willelmus
1130 4036 1267 4099 quoquc
1309 4016 1351 4079 de

249 4116 375 4193 Merlo,
392 4116 465 4196 regi
492 4116 704 4180 Francorum
725 4119 848 4180 merito
868 4124 1010 4199 propter
1033 4136 1131 4180 suam
1156 4115 1353 4180 carissimus

249 4218 468 4301 probitatem,
495 4236 571 4278 cum
600 4216 723 4280 militia
751 4223 893 4280 strenua
924 4236 965 4279 ac
994 4237 1187 4293 numerosa,
1214 4215 1352 4279 additus
