3150 4992
256 437 324 503 aot
625 453 826 503 uncrrouas
851 455 984 504 vaura.

257 639 413 723 pecuniae
426 639 577 717 exactio,
588 659 652 704 nee
667 638 748 704 sciri
764 645 901 722 poterat
913 637 949 702 in
966 658 1070 723 quam
1084 639 1246 724 abyssum
1261 645 1360 704 tanta

159 739 164 752 ’
257 738 417 821 pecnnia,
430 759 509 821 quae
530 759 593 822 par
610 740 754 822 papales
777 746 1018 822 procuratores
1040 739 1281 821 colligebatur,
1303 745 1357 802 est

256 839 425 916 demersa,
438 839 530 921 qnod
546 838 699 903 fidelium
716 840 811 903 circa
827 839 1003 921 negotium
1019 839 1131 903 crucis
1149 838 1273 921 tepuit,
1286 838 1357 902 imo

256 938 373 1021 potius
399 938 526 1002 caritas
549 938 708 1020 refriguit
727 938 919 1021 generalis;
943 939 1033 1002 unde
1048 939 1223 1020 negotium
1239 938 1358 1002 Terrae

256 1046 400 1114 sanctae,
429 1057 607 1121 nunquam
637 1039 734 1115 felix,
760 1057 866 1122 super
894 1039 960 1104 hoc
992 1040 1144 1121 suscepit
1170 1040 1358 1102 incremen-

206 1132 211 1139 ”
256 1143 342 1201 tum.
393 1137 570 1202 Praeterea
600 1139 753 1221 graviter
779 1138 972 1203 laedebatur
999 1139 1150 1202 omnium
1182 1138 1356 1202 conscien-

255 1236 317 1314 tia,
347 1244 384 1301 et
410 1239 448 1301 in
473 1237 696 1303 meditatione
728 1238 974 1303 exardescente
1002 1239 1238 1314 sauciabatur,
1265 1237 1359 1320 qnod

254 1344 331 1401 tota
365 1336 429 1400 illa
466 1338 613 1421 pecunia
648 1338 900 1420 impretiabilis
939 1357 1017 1420 qnae
1055 1357 1100 1401 ex
1132 1337 1265 1402 decima
1297 1358 1360 1421 per

253 1437 459 1518 magistrum
488 1437 702 1520 Stephanum
725 1437 855 1502 domini
881 1456 983 1520 papae
1012 1437 1174 1502 clericum
1200 1437 1356 1500 cumula·

254 1536 358 1600 batur
380 1536 425 1599 ad
457 1537 703 1602 conterendum
732 1538 987 1620 imperatorem,
1014 1536 1108 1601 sacta
1140 1556 1238 1619 pace,
1264 1535 1356 1601 sicut

253 1635 372 1717 colligi
389 1643 506 1718 potest
527 1656 589 1719 per
610 1637 793 1719 epistolam
819 1655 920 1720 papa>
936 1637 1219 1720 suprascriptam,
1234 1656 1297 1701 nec
1319 1637 1357 1700 iu

254 1735 396 1799 minimo
410 1735 604 1817 quadrante
618 1742 673 1800 est
689 1735 864 1813 restituta,
882 1755 945 1801 nec
969 1736 1013 1799 ad
1036 1736 1175 1818 aliquod
1201 1736 1355 1800 ecclesiae

254 1854 435 1899 commune
464 1837 642 1918 negotium
673 1836 730 1901 vel
758 1836 922 1900 honorem
950 1836 1156 1916 distributa3
1193 1835 1262 1899 imo
1293 1855 1355 1900 nec

253 1934 335 1998 dum
357 1935 495 2017 penitus
518 1935 584 2000 fuit
603 1943 742 2000 extorta
760 1935 817 2001 vel
841 1935 998 2011 collecta,
1026 1942 1062 2000 et
1085 1954 1164 1999 ecce
1185 1936 1300 1999 subita
1320 1942 1358 1999 et

254 2034 392 2099 occulta
407 2054 480 2117 pax
496 2042 551 2100 est
565 2035 773 2114 reformata3
796 2043 832 2099 et
846 2043 968 2118 postea
990 2035 1084 2099 facta
1106 2043 1160 2100 est
1177 2034 1356 2118 inquisitio

255 2134 386 2216 gravis,
402 2135 481 2217 quis
497 2135 599 2217 plene
616 2135 672 2201 vel
686 2135 823 2219 plenius
838 2135 1070 2218 persolvebat.

589 2270 681 2334 Mora
696 2268 816 2332 cuuto
831 2267 1029 2332 Murmeulle‘.

309 2383 356 2449 Et
387 2384 469 2448 dum
499 2384 591 2448 circa
622 2384 696 2449 haeo
728 2383 953 2450 ecclesiastici
981 2384 1047 2449 viri
1078 2383 1359 2463 sollicitarentur,

257 2502 373 2547 comes
413 2484 640 2548 Marescallus
674 2485 710 2548 in
749 2485 861 2550 tutela
898 2483 1169 2548 Hibernensium
1202 2492 1358 2549 retentus

256 2583 293 2645 in
320 2590 456 2647 tantum
491 2584 675 2665 respiravit
705 2583 780 2668 jam
811 2584 903 2667 quod
939 2584 1046 2666 loqui,
1081 2584 1142 2658 ire,
1180 2583 1358 2648 comedere

256 2682 379 2746 valuit.
431 2683 629 2764 Exigebant
652 2683 759 2765 igitur
785 2682 903 2746 hostes
925 2683 1001 2766 ejus
1020 2684 1065 2746 ab
1092 2703 1134 2746 eo
1158 2691 1273 2747 castra
1295 2703 1359 2748 sua

256 2788 292 2844 et
319 2788 430 2845 terras
455 2782 647 2858 Hiberniae,
674 2789 715 2846 ut
738 2782 789 2845 sic
817 2781 940 2846 saltem
966 2783 1039 2864 regi
1067 2783 1359 2862 reconciliaretur,

257 2880 317 2962 qui
343 2887 466 2945 contra
482 2901 598 2963 regem
620 2882 656 2947 in
680 2881 802 2965 praelio
817 2882 1030 2963 capiebatur,
1048 2902 1118 2966 qua
1132 2883 1233 2947 libuit
1246 2892 1357 2948 morte

256 2979 470 3062 puniendus3
497 2989 705 3064 ostensaque
736 2980 803 3046 fuit
834 2981 956 3045 charta
983 2982 1075 3064 regis
1108 2983 1139 3045 ei
1171 3002 1243 3046 suaa
1274 3003 1357 3067 cap-

256 3081 361 3144 tionis
376 3090 569 3165 praeceptae.
622 3080 726 3158 Quod
742 3100 820 3145 cum
839 3089 1014 3163 oporteret
1029 3082 1153 3159 facere,
1169 3083 1206 3144 in
1222 3091 1358 3147 tantum

256 3178 368 3244 doluit
381 3181 472 3262 quod
489 3201 558 3245 non
575 3181 709 3245 curavit
725 3179 768 3244 de
780 3182 853 3244 suis
871 3180 1092 3261 vulneribus;
1116 3189 1152 3246 et
1168 3181 1359 3246 advocatus
1452 3169 1460 3176 ’

257 3285 311 3342 est
339 3279 553 3362 chirurgicus
578 3280 745 3363 proditor,
768 3279 829 3362 qui
857 3279 947 3344 ferro
976 3281 1088 3362 ignito
1113 3288 1249 3345 tantum
1270 3283 1360 3346 ussit

256 3397 332 3441 eum
351 3380 447 3443 utin
469 3388 670 3462 peracutam
692 3380 821 3444 febrem
843 3379 978 3444 cecidit.
1031 3380 1142 3445 Facta
1155 3381 1263 3463 igitur
1278 3402 1359 3445 con·

254 3477 403 3543 fassione
417 3485 453 3543 et
468 3480 595 3545 viatico
611 3479 736 3543 salutis
758 3480 1001 3557 communitus,
1022 3487 1142 3546 tenens
1162 3500 1296 3545 crucem
1320 3489 1357 3546 et

256 3578 419 3654 adorans
434 3579 593 3660 spiritum
614 3578 763 3643 reddidit
779 3579 911 3644 decimo
935 3587 1035 3644 sexto
1058 3579 1219 3644 calendas
1242 3581 1357 3661 Maii3

256 3683 292 3739 et
305 3676 462 3758 sepultus
480 3685 535 3740 est
554 3679 590 3740 in
611 3679 761 3741 oratorio
784 3678 947 3742 Fratrum
967 3679 1141 3758 Minorum
1162 3679 1254 3761 apud
1279 3680 1358 3744 Kil-

255 3774 372 3852 kenni,
400 3776 459 3839 ubi
482 3776 573 3840 idem
597 3777 811 3858 sepulturam
838 3777 1002 3860 elegerat,
1025 3779 1156 3843 militiae
1181 3778 1246 3843 iios
1271 3787 1358 3844 tem-

256 3895 379 3959 porum
396 3877 647 3941 modernorum.

518 4008 636 4074 Euclea
649 4009 776 4074 luteum
785 4010 908 4095 pradia
924 4010 1096 4077 intendunt.

306 4123 451 4188 Interim
481 4125 556 4190 haec
578 4126 778 4208 ignorantes
808 4126 1005 4192 Richardus
1037 4127 1159 4192 Sward
1184 4148 1262 4192 cum
1288 4131 1361 4194 suis

252 4224 477 4307 complicibus
499 4226 654 4290 aedificiis
670 4225 844 4319 ¹regalium
866 4227 915 4291 eis
932 4227 1188 4292 adversantium
1204 4229 1360 4294 intende·
