3150 4992
244 417 309 482 168
616 437 817 484 anemonas
841 437 973 485 vernn.

244 619 433 695 intellecto,
459 626 494 682 et
512 640 574 683 rex
596 620 720 682 librum
738 640 841 702 quem
859 619 1061 701 inspexerat
1077 618 1214 691 clausit,
1243 614 1354 678 sedit-

247 738 313 802 que
329 719 419 780 enim
434 717 478 781 ad
496 719 667 801 pulpitum
682 738 781 782 sunm
801 719 957 795 stndenS,
972 719 1025 783 vir
1041 724 1145 781 aetate
1162 725 1197 780 et
1215 722 1354 779 statura

248 817 439 894 mediocris,
463 826 499 882 et
515 827 617 900 gestu
635 826 792 882 maturus
819 830 855 881 et
880 819 995 883 verbis
1018 818 1200 892 facundus,
1225 823 1261 878 et
1287 815 1353 876 cir·

249 925 477 999 cumspectus.
530 918 676 983 Etcum
702 917 878 1000 paulisper
898 918 998 999 quasi
1023 937 1139 980 secum
1158 915 1353 979 deliberans

249 1017 491 1099 respondisset,
521 1019 675 1082 modeste
699 1016 801 1094 dixit,
829 1018 966 1082 ‘Modo
998 1016 1136 1099 inspexi
1163 1004 1288 1078 librum
1316 1013 1352 1074 in

251 1116 377 1181 Graeco
395 1116 560 1199 scriptum
579 1116 759 1201 cujusdam
780 1116 897 1181 Graeci
920 1117 1087 1198 sapientis
1108 1122 1144 1179 et
1164 1113 1355 1179 Christiani

251 1217 388 1280 nomine
417 1216 532 1294 Pauli,
559 1217 658 1301 cujus
680 1225 779 1280 actus
808 1225 844 1281 et
871 1218 978 1282 verba
1004 1215 1087 1278 mihi
1111 1215 1240 1297 optime
1263 1231 1354 1276 com-

252 1317 402 1399 placent,
420 1322 455 1380 et
471 1323 639 1398 accepto;
665 1336 771 1379 unum
796 1322 911 1379 tamen
929 1315 972 1379 de
988 1316 1065 1398 ipso
1082 1314 1165 1377 mihi
1182 1313 1355 1394 displicet,

253 1417 346 1498 quod
361 1417 397 1478 in
412 1417 489 1496 lege
505 1417 568 1478 sub
587 1435 657 1498 qua
676 1423 780 1479 natus
806 1423 882 1478 erat
899 1435 967 1478 non
990 1417 1100 1491 stetit,
1128 1413 1188 1477 sed
1216 1412 1261 1475 ad
1286 1411 1357 1474 alia

253 1524 418 1597 tanquam
436 1514 618 1598 transfuga
638 1523 673 1579 et
688 1516 891 1579 inconstans
908 1515 1051 1580 avolrit.
1104 1515 1149 1577 Et
1167 1512 1201 1575 id
1219 1512 1296 1575 dieo
1313 1510 1356 1574 de

253 1614 392 1678 domino
420 1623 537 1679 vestro
563 1614 755 1696 Anglorum
786 1635 879 1696 rege,
906 1615 965 1697 qui
994 1613 1115 1677 relicta
1142 1613 1298 1695 piissima
1321 1619 1357 1673 et

254 1714 478 1778 mundissima
507 1715 584 1795 lege
618 1714 905 1791 Christianorum,
937 1715 1001 1777 sub
1036 1733 1106 1795 qua
1136 1713 1354 1785 nascebatur,

254 1833 374 1879 cereus
391 1822 426 1877 et
440 1815 612 1878 instabilis
628 1814 744 1895 gliscit
757 1813 994 1877 transmeare!
1036 1813 1083 1876 Et
1098 1810 1242 1887 addidit,
1260 1810 1355 1874 ‘No

256 1914 308 1978 vit
327 1914 387 1996 qui
410 1914 496 1976 nihil
521 1915 661 1995 ignorat
690 1913 786 1977 Deus
813 1914 1042 1995 omnipotens,
1066 1913 1096 1974 si
1113 1911 1216 1974 exlex
1231 1929 1355 1986 essem,

254 2013 350 2076 illam
377 2033 448 2095 prae
475 2014 632 2077 omnibus
659 2012 820 2093 eligerem
844 2019 879 2076 et
908 2020 1092 2094 acceptans
1118 2010 1358 2092 amplexarer.’

257 2112 388 2176 Postea
416 2132 499 2176 vero
533 2111 788 2189 sciscitabatur,
818 2111 918 2195 cujus
945 2112 1150 2175 conditionis
1177 2115 1269 2174 esset
1292 2129 1353 2172 rex

257 2211 397 2294 Angliae
415 2220 450 2277 et
466 2232 610 2294 regnum
634 2212 729 2295 ejus;
757 2211 935 2294 respondit
952 2211 1117 2287 Thomas,
1132 2215 1254 2292 utpote
1271 2229 1358 2271 nun-

257 2313 384 2376 tiorum
405 2311 679 2388 facundissimus,
698 2312 871 2394 ‘Egregie
892 2318 927 2375 et
954 2310 1104 2392 ingenue
1130 2309 1243 2375 atavis
1269 2309 1357 2390 regi-

256 2414 321 2476 bus
346 2411 481 2492 magnis
506 2418 718 2494 procreatus,
740 2418 836 2475 terra
857 2410 932 2493 ejus
955 2411 1120 2492 opulenta
1140 2416 1176 2473 et
1192 2409 1264 2472 suis
1280 2427 1359 2471 con-

258 2518 356 2574 tenta
371 2511 482 2588 boniS,
506 2511 663 2586 cubaria,
688 2511 828 2592 pascuis
851 2517 886 2573 et
903 2511 1000 2575 silvis
1026 2508 1190 2573 abundat.
1243 2508 1298 2571 Ex
1317 2527 1359 2572 ea

258 2611 362 2674 etiam
380 2629 480 2674 omne
497 2629 607 2690 genus
623 2609 841 2672 metallorum
859 2609 974 2672 studio
990 2609 1157 2673 conflatili
1174 2609 1356 2690 eliquatur.

260 2707 356 2772 Gens
372 2716 492 2773 nostra
507 2709 664 2790 speciosa
681 2717 716 2771 et
731 2708 912 2790 ingeniosa
925 2710 1035 2773 tribus
1057 2708 1165 2791 pollet
1188 2707 1358 2770 idiomati-

258 2810 323 2872 bus
341 2808 487 2885 erudita,
502 2808 633 2871 scilicet
655 2806 794 2884 Latino,
819 2806 968 2885 Gallico,
983 2814 1018 2872 et
1031 2806 1195 2890 Anglieo,
1212 2814 1247 2870 et
1264 2807 1359 2870 omni

261 2915 336 2972 arte
350 2908 485 2971 liberali
500 2915 536 2970 et
548 2907 747 2971 mechanica
772 2908 907 2990 plenius
924 2908 1069 2971 erudita.
1122 2907 1360 2970 Veruntamen

260 3009 437 3072 vinearum
463 3015 524 3071 aut
543 3007 712 3071 olivarum
737 3009 872 3090 copiam
894 3029 939 3070 ex
964 3027 1002 3070 se
1029 3014 1122 3070 terra
1145 3013 1264 3078 nostra
1290 3025 1359 3068 non

261 3107 433 3190 producit,
448 3127 510 3171 nec
526 3108 684 3184 abietem,
701 3107 760 3170 sed
777 3127 820 3171 ea
842 3126 886 3170 ex
904 3107 1026 3171 vicinis
1046 3107 1243 3186 regionibus
1267 3125 1360 3168 com-

263 3208 390 3272 mercio
412 3209 477 3271 sibi
500 3208 648 3289 acquirit
670 3205 896 3271 abundanter.
949 3205 1021 3270 Aer
1043 3205 1190 3269 salubris
1217 3210 1252 3267 et
1275 3211 1362 3267 tem-

263 3316 428 3390 peratus3
456 3308 546 3371 inter
562 3305 773 3371 occidentem
793 3307 862 3370 sita
879 3314 914 3370 et
931 3306 1212 3387 septentrionem,
1237 3305 1281 3367 ab
1301 3323 1360 3368 oc·

264 3407 398 3470 ridente
430 3407 591 3482 calorem,
629 3425 650 3469 a
685 3407 918 3489 septentrione
949 3424 1088 3468 sumens
1122 3402 1361 3485 frigiditatem,

265 3506 465 3587 temperiem
482 3505 625 3568 sortitur
642 3505 886 3585 gratissimam.
924 3504 1084 3586 Undique
1099 3503 1186 3565 mari
1201 3502 1364 3580 vallatur,

265 3605 356 3667 unde
373 3603 563 3667 insularum
578 3605 699 3684 regina
713 3605 838 3668 meruit
853 3603 1031 3686 appellari.
1079 3603 1240 3683 Regnum
1258 3603 1364 3665 etiam

266 3706 310 3767 ab
329 3704 470 3766 inuncto
490 3709 525 3765 et
549 3710 714 3766 coronato
736 3705 966 3784 gubernatum
989 3703 1197 3784 abantiquo
1219 3701 1363 3764 liberum

230 3871 231 3876 .
266 3823 342 3866 esse
359 3802 572 3883 dignoscitur
589 3810 624 3866 et
641 3803 842 3883 ingenuum,
854 3802 897 3865 ad
913 3801 1041 3864 nullius
1057 3809 1284 3884 praeterquam
1298 3800 1365 3864 Dei

266 3908 427 3985 spectans
441 3901 718 3964 dominationem.
761 3903 919 3966 Ecclesia
934 3901 1037 3964 etiam
1056 3907 1092 3964 et
1109 3907 1237 3963 nostrae
1252 3901 1365 3963 cultus

266 4001 442 4082 religionis
464 4001 647 4084 plusquam
673 4002 710 4064 in
734 4002 851 4083 aliqua
874 3999 992 4064 mundi
1012 4006 1111 4082 parte
1133 4000 1259 4064 ibidem
1285 4019 1364 4081 pro·

267 4107 437 4183 speratur,
463 4119 503 4163 ac
531 4101 713 4184 papalibus
734 4109 768 4164 et
787 4101 892 4183 regiis
917 4101 1052 4180 legibus
1077 4100 1221 4182 pacifice
1241 4100 1367 4179 guber·

267 4195 393 4266 natur!
445 4199 574 4264 Tracto
598 4202 705 4282 igitur
732 4203 775 4264 ab
804 4201 875 4264 alto
900 4199 1116 4282 praecordiali
1131 4199 1291 4281 suspirio,
1313 4218 1366 4260 re-
