3150 4992
616 504 816 552 LEG'l'lONES
844 505 977 553 VARIAE.

250 628 305 664 ΡΑΘ.
335 629 388 665 ΗΝ.

238 691 316 766 ·343,
353 693 385 764 4,
402 690 448 754 ud
466 691 588 754 lior...
641 689 758 753 diruit.

403 791 555 875 morutium

237 946 288 956 --
333 908 385 982 21,
400 914 435 969 iit
643 911 770 967 autem.

194 1038 198 1045 ·
239 1059 289 1068 -
334 1025 385 1100 25,
402 1023 547 1088 adstricti
641 1025 764 1090 effecti.

241 1147 315 1221 344,
333 1148 387 1224 24,
397 1147 570 1212 oratiorium
580 1157 608 1212 et
637 1148 754 1212 diruit.

239 1312 289 1322 -
334 1271 588 1346 32‚Horctiritorru
640 1273 884 1357 Hundintuna.

241 1396 315 1470 345,
333 1397 385 1470 11,
394 1396 567 1479 postularit
639 1396 750 1478 petiit.

239 1554 290 1564 —
334 1520 388 1594 34,
407 1519 547 1583 cautiori
637 1520 813 1583 canonice.

241 1643 317 1718 346,
357 1640 591 1720 tutorum
638 1644 868 1708 Eburacensis
885 1645 1051 1709 ecclesiae.

242 1807 292 1818 -
337 1767 557 1852 2214941141
637 1770 914 1850 postulaverunt.

220 1924 290 1939 -—-
334 1891 388 1964 30,
406 1890 565 1975 stertinio·
638 1894 894 1974 sterlingorum.
949 1894 992 1957 In
1009 1894 1077 1958 fine
1094 1900 1210 1958 autem
1226 1894 1341 1958 soluto

406 2011 477 2052 rim
660 1992 806 2057 concilio
816 1993 964 2058 extorsit
977 2012 1068 2076 papa
1081 1993 1124 2057 de
1135 2013 1342 2076 unoquoque

660 2092 805 2172 praelato
825 2093 995 2156 infinitam
1019 2093 1213 2174 pecuniam,
1237 2112 1342 2174 quam

659 2209 737 2253 cum
760 2192 897 2255 viaticis
915 2192 1127 2273 cogebantur
1153 2193 1197 2255 ab
1218 2210 1341 2254 usura·

658 2289 718 2352 riis
739 2290 811 2353 suis
829 2298 950 2354 mutuo
973 2290 1067 2354 duris
1084 2290 1340 2355 conditionibus

659 2408 804 2454 sumere.

239 2551 290 2564 -
334 2508 589 2584 31‚Hrrdiritouu
638 2511 881 2576 Hundintona.

238 2677 288 2689 -
333 2631 565 2713 auritium
637 2636 811 2701 Simonem
852 2638 991 2702 fratrem
1036 2637 1111 2721 ejus
1153 2643 1340 2713 cassatum,

384 2743 590 2820 ..promoturi
658 2736 854 2802 Walterum
869 2738 913 2802 de
928 2738 1015 2801 Grai
1031 2744 1238 2819 promotum.

239 2855 313 2936 347,
334 2861 385 2936 11,
403 2858 574 2922 mitteretur
637 2861 843 2938 mitteretur,
881 2862 987 2944 juxta
1029 2859 1115 2923 illud
1154 2835 1341 2941 poeticum,

659 2959 811 3024 ‘Stricto
836 2960 1009 3042 supplicat
1025 2978 1100 3022 esse
1119 2959 1216 3039 [ense
1226 2958 1257 3038 1]
1282 2976 1339 3039 pu

658 3061 759 3122 tens?

238 3221 289 3230 -
332 3215 376 3225 -
398 3186 561 3261 yruturitrr
637 3181 725 3246 trist.

237 3338 288 3346 ——
336 3304 386 3376 19,
399 3303 472 3385 qui.
487 3350 494 3364 .
509 3351 515 3364 .
528 3323 588 3366 rur
638 3306 787 3369 Londini
804 3305 1023 3369 morantium.

402 3399 557 3464 ruburtrir

238 3556 288 3566 -
332 3517 385 3591 21,
397 3518 555 3602 petiturus
636 3515 724 3578 diest,

237 3673 288 3682 —
332 3640 587 3717 tumuistis..
639 3639 818 3701 Fulcasius
838 3638 912 3700 sine
935 3633 1124 3700 visceribus
1148 3633 1339 3698 misericor·

402 3739 589 3804 Matutrorrr
658 3737 737 3815 diae,
755 3736 940 3801 Savaricus
963 3735 1006 3798 de
1031 3732 1243 3797 Maluleone
1265 3732 1338 3796 bel·

658 3837 745 3919 liger
760 3844 796 3900 et
812 3842 986 3899 cruentum

237 4005 287 4015 -
332 3965 386 4039 28,
404 3964 545 4027 Briirrrr
637 3960 791 4024 Briwere
803 3959 948 4023 martius
965 3964 1000 4020 et
1015 3962 1191 4037 expertus.

236 4125 287 4134 —-
332 4090 384 4166 29,
401 4097 588 4174 roquomruto
638 4082 751 4159 Buck,
761 4083 908 4146 sicarius
919 4087 954 4144 et
966 4080 1019 4143 vir
1029 4078 1247 4159 sanguinum,
1261 4096 1339 4140 cum

454 4189 589 4273 prrsuit
661 4182 931 4262 Flandrensibus
966 4185 1002 4242 et
1036 4175 1235 4240 Brabantiis
1267 4177 1339 4238 suis

658 4281 889 4363 spurcissimis
899 4286 935 4342 et
945 4276 1166 4358 ignobilibus,
1178 4275 1271 4337 omni
1282 4294 1339 4356 ge-

658 4400 739 4443 nere
756 4379 948 4443 facinorum
962 4374 1219 4440 commendatis.

1150 4481 1167 4514 o
1183 4471 1199 4514 2
