3150 4992
614 480 815 530 nuomouus
839 483 973 531 viarm.

248 603 304 642 PAO.
328 605 381 643 llll·

237 663 312 743 427,
332 669 383 743 12,
393 675 526 750 peraeta
534 689 589 752 pe-
635 665 679 730 ad
694 674 872 747 peractam
888 668 1216 752 peregrinationem.

382 767 589 850 ropriactiocc

236 890 310 965 429,
349 891 379 966 6,
399 889 557 974 Tolpaaor
637 885 811 952 Thaneos.

234 1047 286 1060 —
330 1013 382 1090 26,
400 1023 537 1078 munte
636 1017 822 1074 momento.

233 1173 284 1183 —
328 1133 380 1214 27,
396 1137 572 1202 ultronrori
635 1133 727 1198 ultra
745 1153 886 1198 morem.

235 1261 308 1335 431,
326 1260 377 1335 29,
396 1260 560 1343 adjuvabit
635 1256 813 1320 adunavit.

235 1383 309 1457 433,
329 1384 380 1459 15,
398 1383 488 1467 quasi
634 1379 722 1444 decri.

234 1546 285 1558 -
329 1506 380 1581 29,
390 1515 583 1588 porrectus..
633 1511 855 1586 prospectum
941 1503 1112 1568 diffundit.

393 1604 585 1684 dipsacditwr

234 1767 285 1779 -
328 1729 379 1804 31,
396 1725 524 1790 urbem.
546 1777 583 1794 ..
634 1725 727 1790 urbis
756 1746 778 1790 a
813 1726 1021 1791 Christianis
1056 1729 1210 1792 obsessio
1244 1728 1338 1793 facta

396 1825 531 1892 obsident
654 1824 729 1889 suit.

234 1952 307 2026 435,
347 1953 378 2026 4,
393 1961 575 2016 reveremur
634 1948 677 2012 In
692 1949 750 2013 the
767 1948 906 2014 Cotton.
924 1949 1001 2013 MS.
1018 1969 1077 2013 are
1090 1951 1241 2015 inserted
1256 1951 1336 2015 here

653 2047 713 2112 the
739 2049 853 2112 rubrio
877 2050 947 2114 and
970 2049 1113 2131 chapter
1138 2050 1334 2131 following:

655 2147 721 2211 ‘In
739 2148 948 2229 imaginibus
973 2147 1192 2214 historiarum
1207 2151 1336 2232 reperi-

655 2255 713 2310 tur
741 2266 833 2311 anno
865 2246 931 2311 hoc
961 2247 1143 2330 prophetia
1177 2249 1334 2312 Danielis

655 2345 1045 2429 Constantinopolitani.
1096 2346 1225 2412 ‘Anno
1265 2368 1335 2430 quo

654 2445 874 2509 annuntiatio
894 2446 1036 2509 Domini
1056 2446 1092 2508 in
1113 2446 1169 2510 die
1188 2446 1334 2512 Paschae

655 2545 845 2626 continget,
857 2545 983 2609 Franci
995 2547 1239 2610 restaurabunt
1250 2547 1336 2611 Ter·

654 2664 729 2708 ram
757 2644 1014 2720 Promissionis,
1045 2653 1080 2708 et
1108 2646 1335 2710 stabulabunt

654 2763 762 2827 equos
781 2764 863 2808 suos
880 2746 915 2807 in
937 2743 1114 2808 Palmaria
1129 2745 1172 2809 de
1190 2746 1334 2822 Baldac,

653 2851 689 2908 et
706 2843 815 2925 figent
830 2844 981 2908 tentoria
995 2863 1061 2908 sua
1071 2844 1164 2908 ultra
1177 2845 1333 2910 arborem

652 2944 792 3020 siccam,
813 2951 849 3007 et
864 2944 983 3007 lolium
1005 2945 1216 3026 separabunt
1233 2963 1255 3007 a
1273 2946 1333 3008 tri-

652 3043 744 3107 tico!
797 3042 854 3106 On
868 3043 927 3107 the
945 3043 1079 3122 margin
1098 3044 1134 3105 in
1150 3043 1193 3106 Β.

230 3211 280 3224 -
346 3175 376 3245 8,
395 3175 510 3238 Anao.
526 3219 534 3236 .
548 3216 579 3235 ..
628 3167 877 3232 deman-Tne
904 3167 1031 3231 second
1057 3166 1195 3230 volume
1218 3166 1259 3229 of
1277 3167 1334 3231 the

289 3271 430 3334 MOLX
427 3271 573 3336 XXIX
570 3320 579 3339 .
653 3265 861 3348 Cambridge
879 3266 956 3330 MS.
975 3266 1098 3348 begins
1115 3265 1210 3329 here.

230 3433 280 3444 -
325 3395 376 3468 20,
395 3393 519 3478 Acqliae
531 3401 559 3457 ct
632 3387 826 3471 Anglorum
842 3398 877 3454 et
891 3409 934 3453 ea
951 3388 1115 3453 feraliter.

397 3513 449 3554 ecc

230 3617 302 3692 436,
342 3615 582 3700 Lincpedc'rctcr
630 3610 866 3693 expediretur.

229 3775 280 3784 —
342 3741 373 3814 3,
386 3739 568 3804 auctoritate
629 3733 717 3798 deu.

228 3895 280 3906 -
325 3862 377 3937 10,
395 3861 563 3923 Oantaorr'-
631 3857 831 3941 Eodemque
861 3863 1015 3937 tempore
1044 3855 1250 3919 transmissa
1282 3863 1336 3918 est

391 3959 457 4023 coci
469 3959 580 4022 „Bol-
653 3955 851 4042 hujusmodi
863 3954 1010 4038 epistola
1022 3953 1265 4019 cantuariensi
1281 3973 1337 4017 ar-

391 4058 509 4121 dcwino
651 4055 895 4138 chiepiscop0:
930 4052 1199 4117 ‘Cantuariensi
1224 4053 1336 4117 archi-

651 4155 813 4238 episcopo
830 4152 1043 4216 Baldewino.

225 4319 277 4331 -
321 4281 375 4355 22,
392 4288 560 4342 careantur
629 4282 779 4340 constat.

1187 4377 1202 4410 u
1215 4369 1231 4412 2
