3150 4992
602 503 803 552 uncrrouns
828 506 961 553 vnnrn.
1209 505 1216 514 ·
1291 493 1331 554 51

224 697 331 762 supra
350 683 488 747 modum
507 684 593 748 adiit
613 691 648 748 et
663 685 809 748 corrosit
824 684 868 748 de
890 704 994 749 came
1011 685 1167 760 infantis,
1184 692 1219 749 et
1237 684 1331 749 vide-

224 779 328 845 batur
344 784 376 846 ei
393 783 575 865 praedulce,
600 784 692 867 quod
710 792 933 866 gustaverat3
964 792 1000 849 et
1014 785 1135 849 volens
1157 782 1236 866 plus
1256 785 1331 848 avi·

224 878 302 944 dius
325 901 472 960 sumere,
501 883 614 948 infans
640 892 741 948 torvo
769 891 914 966 aspectu
944 892 979 949 et
1006 904 1090 950 voce
1116 885 1243 948 minaci
1268 885 1330 960 ait,

223 979 396 1058 ‘Desiste
420 984 520 1047 nimis
542 983 731 1066 accepisti.'
781 983 1058 1066 Expergefaotus
1078 1003 1100 1047 a
1122 1003 1243 1047 somno
1267 1003 1329 1046 rex

222 1080 397 1145 consuluit
412 1103 512 1147 mane
528 1083 721 1166 superhaec
737 1083 909 1166 quendam
924 1085 1135 1166 episcopum.
1188 1083 1329 1165 Episco

221 1197 286 1258 pus
307 1188 424 1245 autem
442 1184 620 1266 suspicans
635 1184 804 1268 judicium
819 1184 982 1247 vindictae
1000 1185 1062 1260 ait,
1078 1189 1088 1217 ‘
1106 1183 1248 1259 Desine,
1266 1202 1329 1246 rex

221 1278 322 1356 bone,
338 1300 360 1343 a
377 1284 615 1363 persecutione
633 1283 802 1359 ccclesiae,
819 1283 1036 1365 praemonitio
1054 1283 1143 1346 euim
1167 1283 1242 1346 haec
1260 1282 1328 1345 Dei

222 1385 329 1443 estet
350 1382 499 1463 benigna
524 1384 729 1464 castigati03
760 1403 836 1458 neo,
858 1390 898 1472 ut
921 1383 1141 1465 proposuisti,
1166 1389 1328 1446 venatum

221 1477 304 1542 eas'
355 1480 435 1544 Rex
458 1490 682 1552 contemnens
703 1481 872 1546 salutaria
895 1484 1027 1546 monita
1048 1469 1208 1546 insilvas
1224 1501 1329 1547 vena-

221 1583 294 1640 tum
311 1579 386 1643 ivit.
439 1581 486 1645 Et
510 1601 590 1646 ecoe
614 1601 709 1658 casu,
734 1601 857 1646 cervus
881 1601 1028 1663 magnus
1050 1602 1128 1645 cum
1151 1590 1230 1645 aute
1248 1601 1326 1645 eum

220 1679 396 1757 transiret,
419 1681 469 1744 ait
486 1701 548 1745 rex
567 1682 704 1745 cuidam
728 1681 841 1758 militi,
864 1681 995 1745 scilicet
1013 1681 1171 1746 Waltero
1194 1681 1326 1762 Tyrell,

220 1777 372 1856 ‘Treba
389 1779 549 1844 diabole?
592 1781 690 1844 Exiit
707 1801 791 1862 ergo
807 1781 915 1844 telum
931 1781 1085 1857 volatile,
1098 1782 1141 1845 de
1155 1802 1224 1865 quo
1239 1781 1326 1844 bene

221 1885 256 1940 et
273 1898 352 1942 vere
365 1880 481 1961 potuit
498 1880 565 1944 dici
580 1888 616 1945 et
633 1881 798 1945 vaticinio
812 1879 982 1956 denotari,

431 2038 503 2096 ‘Eu
519 2037 606 2096 semel
620 2039 753 2096 emissum
768 2038 845 2097 volat
858 2039 1042 2096 irrevocabile
1054 2036 1161 2101 telum!

221 2179 276 2255 Et,
301 2182 462 2246 obstante
484 2185 619 2260 arbore,
646 2183 682 2247 in
707 2184 884 2265 obliquum
907 2182 1074 2246 reflexum
1099 2183 1240 2260 faciens,
1264 2205 1326 2266 per

220 2281 368 2345 medium
390 2282 503 2346 cordis
527 2303 643 2365 regem
666 2284 850 2360 sauciavit,
871 2283 929 2364 qui
947 2283 1061 2346 subito
1078 2290 1234 2346 mortuus
1251 2302 1326 2346 cor-

219 2380 299 2443 ruit.
352 2381 412 2445 Sui
430 2390 557 2458 autem,
575 2391 610 2446 et
624 2383 800 2464 praecipue
823 2383 920 2445 miles
943 2382 1013 2457 ille,
1036 2383 1071 2445 iu
1094 2390 1212 2465 partes
1227 2382 1325 2464 fuge-

221 2486 312 2544 ruut.
362 2480 483 2564 Aliqui
500 2489 575 2546 tum
591 2481 774 2546 redeuntes
792 2501 919 2565 corpus
937 2483 973 2545 in
990 2483 1162 2564 sanguine
1179 2501 1242 2545 suo
1260 2483 1326 2546 cir-

219 2580 456 2645 cumvolutum
482 2589 517 2645 et
541 2582 752 2646 tabefactum
780 2601 887 2664 supra
911 2583 1026 2663 bigam
1049 2581 1230 2665 cujusdam
1249 2601 1324 2645 car·

217 2680 397 2744 bonatoris
425 2681 662 2763 imposuerunt
692 2681 864 2762 fragilem,
896 2689 932 2745 et
959 2681 1240 2744 macilentissimo
1266 2682 1324 2765 ju-

219 2787 336 2843 mento
358 2799 428 2844 uuo
451 2788 610 2844 tractam.
664 2781 869 2845 Rusticulus
895 2781 1004 2862 igitur
1031 2790 1172 2844 coactus
1198 2800 1324 2869 corpus

220 2877 263 2940 ad
290 2877 465 2943 civitatem
493 2888 742 2963 transportare,
769 2881 850 2944 dum
876 2882 1040 2943 transiret
1061 2900 1123 2962 per
1150 2881 1323 2962 quandam

219 2977 425 3060 profundam
444 2988 479 3043 et
494 2981 645 3045 lutosam
660 2980 762 3058 viam,
786 2980 898 3044 fracta
919 2981 1000 3061 biga
1022 2999 1087 3043 sua
1108 2979 1224 3056 debili,
1250 2999 1325 3044 cor-

218 3097 297 3160 puS,
325 3079 430 3142 immo
457 3078 607 3144 cadaver
633 3080 779 3162 rigidum
809 3089 844 3143 et
866 3079 1004 3156 foetens,
1027 3080 1064 3141 in
1085 3078 1161 3142 luto
1182 3079 1324 3142 circum-

219 3178 389 3255 volutum,
413 3178 608 3243 volentibus
634 3187 814 3261 asportare
841 3179 1034 3261 dereliquit.
1086 3177 1216 3240 Eadem
1239 3177 1325 3242 hora

218 3295 334 3342 comes
353 3278 548 3352 Coruubiae,
573 3280 608 3342 in
630 3279 720 3343 silva
741 3281 785 3343 ab
810 3279 871 3343 illa
887 3279 924 3342 in
944 3298 1013 3360 qua
1035 3277 1109 3340 haec
1127 3276 1324 3340 acciderant

218 3396 280 3458 per
296 3379 383 3441 duas
399 3379 510 3442 dietas
527 3380 691 3456 distante,
712 3379 793 3442 dum
809 3385 973 3443 venatum
995 3378 1062 3440 iret
1078 3383 1114 3440 et
1130 3375 1224 3440 solus
1240 3395 1323 3440 casu

219 3495 241 3539 a
255 3479 327 3541 suis
349 3478 525 3542 sodalibus
547 3479 808 3561 relinqueretur,
836 3479 992 3542 obviavit
1008 3495 1134 3557 magno
1155 3475 1266 3558 piloso
1289 3485 1324 3540 et

221 3575 320 3658 nigro
338 3577 445 3655 hirco,
462 3578 586 3642 serenti
603 3599 717 3661 regem
735 3579 872 3659 nigrum
889 3585 924 3642 et
941 3576 1070 3640 nudum
1091 3595 1154 3658 per
1175 3577 1323 3639 medium

218 3676 368 3758 pectoris
381 3679 591 3757 sauciatum3
619 3686 655 3742 et
665 3679 845 3762 adjuratus
861 3677 975 3740 hircus
990 3695 1053 3759 per
1068 3676 1180 3739 Deum
1196 3677 1324 3739 trinum

218 3783 255 3840 et
278 3796 384 3840 unum
411 3777 581 3860 quidhoc
607 3785 710 3854 esset,
733 3777 920 3860 respoudit,
946 3777 1057 3839 ‘Fero
1086 3774 1130 3838 ad
1154 3773 1323 3858 judicium

218 3895 320 3938 suum
343 3897 458 3958 regem
480 3885 646 3952 vestrum,
669 3877 773 3940 immo
794 3885 991 3959 tyrannum,
1007 3874 1220 3938 Willelmum
1248 3873 1324 3937 Ru-

219 3975 301 4038 fum.
354 3975 533 4059 Maliguus
549 3977 639 4041 enim
652 3977 795 4059 spiritus
812 3997 900 4051 sum,
917 3983 953 4038 et
969 3975 1063 4038 ultor
1079 3973 1221 4036 malitiae
1238 3992 1324 4050 suae,

403 4169 410 4202 ¹
422 4169 480 4245 Ec]
498 4177 546 4225 ‘Et
557 4167 634 4226 semel
645 4177 765 4225 emissum
778 4176 846 4226 volat
854 4175 1017 4223 irrevocabile
1029 4167 1149 4222 verbum?

992 4244 1056 4291 Hor.
1069 4243 1118 4303 Ep.
1133 4254 1151 4292 1.
1163 4240 1234 4290 xviii.
1247 4246 1288 4293 ⁷1.

1173 4331 1220 4375 Η
