3150 4992
582 487 782 539 nncrrouns
805 487 941 537 visun.
1242 472 1312 537 219

252 689 371 735 omnes
389 670 541 752 episcopi
557 671 617 753 qui
634 677 733 734 erent
746 690 824 734 cum
842 670 967 734 militia
982 676 1018 733 et
1035 669 1178 752 populo,
1199 669 1308 733 sacris

252 771 364 835 induti
387 771 555 847 vestibus,
584 790 662 834 cum
689 770 848 834 crucibus
880 777 915 834 et
943 769 1095 847 vexillis,
1123 775 1306 834 cantantes

252 870 440 934 solenniter
456 876 492 933 et
509 870 623 934 Deum
641 869 903 934 collaudantes?

202 1011 259 1047 PAG.
296 1010 347 1046 HN.

203 1075 257 1152 30,
298 1074 350 1148 29,
368 1070 524 1135 desidero
605 1071 700 1136 addit
726 1070 852 1150 Paris,
880 1091 944 1154 pro
974 1089 1104 1135 corone
1139 1071 1311 1147 Franciae,

367 1169 442 1234 bont
627 1190 732 1253 quarn
757 1172 862 1235 etiam
887 1170 961 1235 laesi
980 1178 1016 1234 et
1032 1170 1113 1235 irati
1137 1191 1207 1236 non
1229 1190 1312 1253 pos·

627 1277 710 1334 sunt
725 1270 851 1337 odisse.

200 1429 253 1446 --
297 1395 349 1469 33,
368 1413 535 1466 recessuum
604 1414 779 1458 recessum
808 1414 849 1459 ac
870 1396 1090 1474 conductum,
1111 1416 1187 1460 cum
1210 1394 1311 1459 multi

364 1493 415 1556 sin
429 1502 530 1556 amun
627 1503 744 1558 temen
755 1493 834 1558 huic
849 1495 1092 1561 misericordiae
1106 1502 1221 1560 essent
1235 1502 1309 1560 toto

629 1601 665 1657 et
690 1593 794 1658 avido
822 1595 1003 1658 conamine
1037 1595 1309 1661 contradictores

627 1692 802 1758 manifesti
815 1711 824 1770 ;
852 1693 906 1758 sin
921 1695 1047 1762 minus.

203 1815 257 1891 31,
319 1815 348 1891 l,
363 1813 444 1898 quod
465 1812 556 1877 licuit
604 1815 723 1881 desunt.

368 1933 411 1976 us

202 2077 253 2088 —
320 2037 352 2109 2,
367 2029 479 2099 inutile
605 2039 693 2105 deest.

202 2201 253 2212 —
318 2161 351 2233 9,
369 2157 534 2222 Thornisiae
604 2162 698 2226 addit
715 2160 841 2237 Paris,
859 2163 895 2226 in
911 2162 1060 2246 quadem
1075 2162 1198 2226 insula.

203 2320 254 2336 --
299 2285 350 2359 11,
367 2281 524 2346 comitibus
599 2285 723 2350 'desunt

372 2403 410 2444 uc

202 2544 253 2557 --
297 2501 349 2581 27,
368 2505 556 2568 trmtsmori-
606 2506 699 2572 addit
726 2505 848 2584 Paris,
872 2512 908 2569 et
929 2525 1008 2569 cum
1030 2525 1092 2570 rex
1113 2505 1214 2584 foret,
1237 2507 1311 2589 ipse

366 2604 416 2667 oie
627 2607 663 2669 in
678 2625 764 2688 pace
780 2606 979 2669 dimitteret.

204 2727 257 2804 32,
321 2729 351 2803 3,
367 2724 492 2792 carone
604 2730 697 2794 addit
723 2729 850 2806 Paris„
878 2728 954 2792 Nec
980 2737 1226 2794 nocumentum
1252 2729 1310 2792 vel

627 2831 849 2912 opprobrium
886 2829 1095 2911 objiceretur
1130 2828 1210 2892 hino
1255 2828 1311 2892 vel

626 2929 705 2992 inde
740 2928 795 2992 his
824 2929 884 3011 qui
915 2927 995 2991 huic
1022 2928 1078 2992 vel
1105 2928 1164 2991 alii
1193 2927 1310 2991 adhae-

626 3029 764 3091 sissent.

204 3146 258 3221 33,
298 3147 350 3222 22,
367 3154 403 3209 ct
420 3143 554 3210 ...moi
605 3158 737 3215 metens
771 3148 864 3232 quod
892 3168 962 3213 non
984 3148 1179 3226 seminavit,
1204 3155 1245 3212 ut
1266 3167 1312 3212 ex

368 3246 409 3310 tis
422 3267 459 3338 ec
627 3248 758 3313 multis

205 3351 260 3446 34,
298 3369 350 3446 16,
366 3368 505 3451 infideles
605 3373 700 3437 illem
717 3370 904 3435 infidelium
923 3369 1188 3435 multitudinem.

203 3528 254 3542 --
299 3492 353 3566 29,
368 3511 479 3554 mous
605 3497 801 3580 prurientes
818 3513 955 3560 manus.

204 3615 259 3687 35,
299 3614 353 3687 21,
371 3633 444 3718 2⁰⁸¹·
459 3659 467 3676 ·
485 3613 555 3676 -iu
606 3621 656 3684 eis
673 3619 853 3684 castellum
867 3619 1138 3701 ingredientibus
1152 3618 1310 3682 instaret.

368 3719 540 3796 sequeretur

203 3875 253 3887 -
298 3835 351 3911 26,
368 3834 530 3899 dissolvere
606 3843 827 3928 dissiparent.
884 3860 886 3863 ’

370 3931 546 3998 laborarent

205 4058 257 4135 36,
297 4060 351 4134 19,
368 4058 546 4144 aliquanto·
607 4062 831 4142 provehente.

367 4157 557 4244 iumtorqes-

370 4265 451 4322 cente
