3150 4992
598 475 798 524 nuorrours
826 476 959 525 varum
1266 462 1331 526 143

272 658 405 722 vocatis
435 659 541 739 igitur
572 659 691 723 amieis
719 679 945 743 quoscunque
974 660 1124 742 poterat,
1148 661 1329 725 confessus

272 766 376 822 estse
392 761 503 822 multa
525 766 670 841 peccata
689 767 920 842 perpetrasse,
950 759 1023 837 sed,
1050 761 1141 824 unde
1163 760 1242 842 plus
1263 761 1330 825 sibi

272 859 426 935 timebat,
442 858 533 940 quod
550 859 675 923 amotis
691 859 867 924 monachis
878 858 1171 924 Coventrensibus
1186 860 1329 926 clericos

273 958 511 1033 substituerat,
528 959 588 1040 qui
605 959 686 1039 vagi
703 965 739 1022 et
754 960 991 1023 mendicantes
1007 960 1073 1022 sibi
1089 964 1128 1022 ut
1143 967 1330 1042 potuerant

273 1058 511 1121 consulebant.
564 1058 705 1121 Etcum
727 1057 949 1122 haesitassent
966 1060 1145 1122 audientes
1168 1059 1250 1141 quid
1267 1060 1331 1121 im·

274 1176 330 1219 mo
346 1157 569 1239 injungerent
584 1157 615 1220 ei
632 1156 723 1222 dixit
740 1159 937 1240 episcopuS,
953 1163 963 1192 ‘
977 1159 1056 1223 Scio
1074 1158 1166 1240 quod
1189 1165 1331 1240 propter

274 1254 357 1320 facti
388 1257 626 1320 enormitatem
654 1257 736 1339 quid
765 1257 958 1341 injungatis
989 1259 1202 1339 poenitentiae
1231 1259 1329 1321 dubi-

274 1356 368 1421 tatis..
410 1356 556 1420 Postulo
578 1357 766 1420 Dominum
784 1377 897 1420 meum
916 1356 1052 1440 justum
1075 1366 1110 1421 ct
1135 1357 1329 1420 misericor·

274 1454 349 1518 dem
373 1463 413 1519 ut
434 1456 499 1518 sim
522 1457 558 1519 iu
578 1457 780 1538 purgatorio
809 1476 919 1538 usque
948 1457 991 1519 ad
1016 1457 1107 1519 diem
1130 1456 1266 1539 judicii,
1291 1464 1330 1520 ut

276 1554 398 1618 saltem
413 1562 496 1618 tuno
512 1555 654 1635 salver3’
682 1555 839 1639 dixitque
854 1556 972 1620 abbati
992 1557 1034 1619 de
1058 1556 1184 1633 Becco,
1205 1557 1265 1638 qui
1281 1557 1328 1619 ibi

277 1661 362 1732 erat,
378 1654 555 1718 ‘Obsecro
579 1662 618 1718 ut
640 1656 810 1718 concedas
836 1655 919 1718 mihi
939 1663 980 1719 nt
1003 1657 1131 1720 moriar
1153 1657 1188 1718 in
1210 1655 1330 1719 habitu

277 1761 393 1817 vestro
420 1755 457 1817 iu
486 1753 615 1817 diaboli
643 1754 890 1831 confusionem,
918 1755 1018 1838 eujus
1049 1755 1215 1819 instinctu
1241 1773 1330 1837 prae·

277 1852 370 1917 dicta
401 1854 610 1935 perpetravi,
644 1863 679 1918 et
709 1855 744 1917 in
772 1855 954 1917 monastici
980 1855 1110 1917 ordinis
1140 1855 1330 1917 honorem!

278 1953 324 2015 Et
351 1953 401 2015 sic
428 1953 553 2034 legatis
576 1953 734 2016 omnibus
759 1960 795 2016 et
821 1954 912 2017 datis
941 1955 1163 2037 pauperibus,
1188 1960 1330 2036 accepto

277 2051 400 2116 salutis
424 2053 552 2116 viatico
580 2060 615 2115 et
635 2054 799 2116 inunctus
821 2055 887 2116 rite
909 2053 1121 2116 infirmorum
1138 2053 1227 2129 oleo,
1243 2053 1334 2116 divi-

277 2171 356 2214 nam
375 2153 540 2216 invocans
558 2151 825 2215 misericordiam
841 2153 1000 2234 spiritum
1015 2151 1175 2215 reddidit.
1214 2151 1331 2230 Quod,

277 2251 542 2332 procurantibus
563 2250 622 2333 qui
644 2251 724 2314 huic
741 2251 881 2314 eventui
903 2253 1104 2328 intererant,
1126 2250 1230 2313 simul
1252 2270 1329 2314 cum

278 2351 454 2414 monachis
495 2351 663 2432 expulsis,
700 2370 778 2414 cum
813 2350 952 2414 domino
986 2369 1086 2432 papae
1119 2351 1330 2427 innotuerat,

276 2451 441 2533 praecepit
475 2458 514 2514 ut
548 2450 703 2532 expulsis
740 2449 873 2512 clericis
903 2451 1127 2523 secularibus
1159 2449 1219 2531 qui
1253 2450 1328 2533 jam

278 2549 445 2613 dissolute
457 2559 492 2613 et
503 2551 688 2613 enormiter
706 2550 877 2624 vivebant,
896 2550 1056 2613 monachi
1073 2558 1329 2613 revocarentur.

278 2649 324 2713 Et
341 2650 502 2736 quoniam
518 2650 612 2730 prior
626 2649 719 2712 illius
740 2649 809 2711 loci
833 2649 1009 2712 monachis
1028 2650 1249 2714 exulantibus
1272 2649 1331 2712 de·

277 2749 415 2812 functus
434 2749 509 2832 jam
527 2749 652 2825 fuerat,
674 2749 952 2830 archiepiscopus
973 2747 1233 2812 Cantuariensis
1252 2747 1330 2811 Hu-

277 2850 407 2925 bertus,
432 2849 492 2931 qui
519 2850 757 2912 executionem
785 2848 1049 2912 introductionis
1073 2867 1206 2931 apapa
1233 2867 1329 2911 aoce-

277 2954 388 3030 perat,
404 2947 558 3030 praefecit
572 2948 621 3010 eis
639 2949 786 3030 priorem
809 2947 945 3011 nomine
964 2947 986 3011 J
990 2949 1172 3022 oibertum,
1192 2949 1330 3010 natione

279 3046 530 3118 Normannum‚
546 3048 605 3128 qui
625 3055 765 3129 propter
790 3047 1008 3109 eminentiam
1025 3046 1217 3128 prudentiae
1234 3065 1332 3109 secu-

276 3146 359 3209 laris
375 3156 445 3210 tres
461 3147 645 3228 prioratuS,
666 3147 708 3208 de
723 3147 914 3219 Daventre,
932 3145 974 3208 dc
992 3145 1171 3219 Weneloc‚
1188 3144 1231 3207 de
1246 3146 1331 3207 Ber-

277 3247 487 3323 mundeseia,
505 3253 703 3328 susceperat
717 3244 759 3307 ad
775 3243 984 3325 regendum
1004 3245 1064 3326 qui
1076 3240 1241 3313 continuo
1253 3264 1330 3306 cum

278 3346 421 3409 oonsilio
436 3345 679 3409 monachorum
697 3345 740 3408 de
755 3342 923 3408 electione
938 3345 1091 3429 episcopi
1111 3349 1261 3407 tractare
1279 3344 1330 3405 in-

276 3447 419 3527 cipiens,
445 3446 617 3508 communi
646 3444 891 3508 deliberatione
921 3442 1129 3507 Gaufridum
1162 3443 1205 3507 dc
1234 3443 1332 3506 Mus·

277 3545 401 3627 champ
419 3545 618 3626 elegerunt!

238 3685 294 3722 PAG.
318 3686 371 3722 ΜΝ.

230 3745 302 3824 127,
339 3747 595 3822 9‚iudicutrieem
630 3747 851 3810 indicatione.

227 3908 278 3916 —
322 3873 375 3947 14,
394 3872 485 3955 quusi
628 3891 778 3954 quoque.

230 3995 301 4069 128,
342 3993 577 4070 5,0onoautreiu
631 3991 910 4056 Bermundeseia.

228 4153 278 4162 --
324 4119 376 4192 19,
392 4117 427 4178 iu
444 4116 564 4200 capello
630 4117 737 4181 desunt
753 4138 774 4178 u
794 4117 841 4178 Oc.
859 4124 886 4177 et
901 4116 942 4179 R.

391 4227 502 4279 cuncter
511 4217 580 4279 Ku-

393 4316 517 4378 theriaca
