3150 4992
254 459 320 524 194
628 472 826 520 nnorrouns
849 471 984 520 venia.
1022 536 1026 541 ι

308 673 400 735 n0n;
434 655 537 732 absit,
567 655 665 736 gluto
696 656 855 736 pessime,
890 661 930 717 ut
962 655 998 717 in
1030 661 1189 717 sanctum
1221 653 1361 718 Domini

308 762 453 820 mortem
480 755 725 837 procuremus'
777 754 824 817 Et
844 753 916 829 ille,
933 759 943 787 ‘
959 753 1041 817 Non
1063 761 1221 835 parceret
1244 754 1306 818 tibi
1327 755 1363 816 in

310 854 478 920 consimili
492 856 599 917 easn.'
650 853 740 917 Tum
755 852 965 930 Willelmus,
982 853 1087 916 ‘Fiat
1101 853 1243 916 Domini
1258 855 1361 917 bene-

311 955 485 1038 placitum.
530 953 698 1017 Dominus
714 953 885 1034 disponet,
903 972 972 1016 non
989 951 1071 1015 ille!
1106 952 1150 1015 In
1163 952 1228 1016 hoc
1241 951 1361 1015 similis

312 1061 387 1117 erat
403 1052 518 1117 David
537 1053 709 1134 parcentis
726 1052 823 1127 Saul,
838 1070 917 1114 cum
935 1050 1100 1116 occidisse
1115 1052 1240 1133 potuit.
1284 1051 1364 1114 Hoc

312 1161 435 1236 postea
459 1171 527 1216 non
549 1151 652 1215 latuit
675 1170 811 1232 rogem3
835 1170 898 1213 nee
922 1152 966 1215 ob
993 1150 1059 1215 hoc
1085 1151 1196 1215 voluit
1222 1169 1364 1232 parcere

313 1259 429 1334 capto,
461 1249 544 1334 quin
582 1251 695 1333 ipsum
730 1249 977 1332 suspendisset,
1021 1251 1051 1313 si
1090 1251 1294 1333 permissum
1334 1249 1366 1312 ei

314 1350 447 1414 fuisset.

265 1475 338 1613 {aa
368 1474 613 1611 Lituourum...
667 1533 814 1617 alicujus
828 1535 1127 1615 tergiversatione.

428 1633 606 1718 cujusquam

264 1799 315 1812 --
381 1757 616 1837 8‚Quod...et
667 1756 785 1820 dmuul.
835 1781 853 1821 ·,

432 1865 539 1920 catera

264 2025 315 2034 -
361 1984 415 2058 18,
432 1989 617 2066 rqmyuuate
668 1989 783 2046 tamen
800 1982 1027 2047 reclamantes
1042 1981 1255 2045 illiteratum.

431 2090 533 2144 tumeo
552 2079 604 2144 ill·

429 2187 570 2243 territura

266 2345 316 2357 -
361 2305 415 2382 22,
424 2312 617 2389 propter...
669 2303 706 2366 in
721 2320 762 2364 eo
780 2299 971 2375 scientiam,
994 2319 1098 2380 quam
1121 2298 1300 2381 appellant
1316 2317 1371 2361 sa-

431 2402 561 2467 obtiuere
691 2399 869 2482 pientiam,
897 2397 1028 2462 scilicet
1054 2417 1188 2461 morum
1216 2405 1372 2461 aromate

693 2498 867 2563 conditam
893 2497 1085 2574 scientiam,
1111 2497 1253 2579 insuper
1277 2495 1373 2561 favo·

692 2617 763 2661 rem
781 2597 910 2660 domini
927 2615 1027 2680 papae
1042 2595 1207 2661 obtinere.

267 2757 319 2768 —
363 2723 417 2795 35,
426 2722 553 2804 peritus
670 2719 756 2784 deest.

269 2845 343 2918 340,
384 2839 415 2918 7,
430 2842 619 2927 dominipe-
670 2842 786 2906 mouet.

424 2963 477 3026 με
488 2943 620 3026 famili-

430 3062 498 3105 aree

270 3158 344 3232 341,
384 3158 414 3233 2,
422 3155 535 3241 suerat
669 3159 746 3223 fuit.

270 3325 320 3337 -
386 3286 416 3359 4,
433 3284 593 3370 quueipro
671 3285 814 3347 nullam.

437 3381 535 3446 elluo

271 3545 322 3554 —
367 3510 419 3582 25,
437 3515 535 3569 oenus
671 3513 800 3570 tantus.

272 3667 323 3679 -—
367 3634 419 3706 30,
431 3629 622 3694 ciuitatum..
671 3635 874 3710 magnatum
891 3629 1070 3692 civitatum
1088 3635 1123 3691 et
1140 3629 1297 3693 aliorum.

433 3728 625 3814 aliorumque

275 3855 349 3928 342,
386 3849 547 3937 imaque
672 3849 760 3914 deest.

274 4012 325 4024 —-
391 3977 422 4052 8,
440 3984 475 4038 ut
672 3994 765 4038 vero.

275 4140 326 4152 ·-
371 4095 423 4175 27,
437 4099 575 4162 oramine
656 4071 658 4078 Ι
668 4098 812 4183 judicio.

276 4263 327 4272 -
371 4226 423 4300 32,
428 4223 561 4307 proprie
570 4220 628 4291 sibi
674 4223 813 4304 proprio
827 4221 891 4285 sibi
907 4220 998 4285 folio.

429 4322 562 4406 proprio
