3150 4992
614 469 826 517 vnscrrorrns
850 467 984 518 varin.
1289 457 1355 521 247

251 645 435 722 dicatione,
453 665 557 728 quam
582 645 726 725 faciunt,
753 648 823 722 sint
838 647 1039 712 examinata
1056 655 1091 712 et
1109 657 1208 728 casta
1233 669 1351 717 eorum

249 744 400 827 eloquia,
424 747 468 810 ad
488 745 673 811 utilitatem
695 755 730 811 et
751 747 1012 811 aedificationem
1034 735 1167 830 populi,
1190 754 1351 816 annunti·

249 844 340 908 ando
358 845 409 908 eis
424 844 510 908 vitia
525 852 560 910 et
576 847 735 922 virtutes,
753 865 892 929 poenam
910 854 946 912 et
963 846 1123 927 gloriam,
1140 866 1217 912 cum
1235 851 1349 915 brevia

247 950 321 1008 tata
342 945 532 1025 sermonis;
555 946 637 1027 quia
653 948 795 1011 verbum
819 944 1055 1011 abbreviatum
1079 946 1162 1013 fecit
1177 947 1348 1014 Dominus

246 1062 351 1125 super
365 1049 504 1108 terram.

462 1209 512 1274 Da
526 1207 733 1273 amatione
745 1217 774 1272 at
789 1209 973 1276 comaclium
978 1212 1136 1295 fratruae.

296 1340 469 1418 ‘Fratres
496 1341 556 1423 qui
580 1348 662 1404 sunt
683 1341 832 1405 ministri
854 1349 889 1406 et
905 1343 996 1407 servi
1019 1343 1164 1420 aliorum
1187 1344 1345 1424 fratrum,

245 1441 386 1504 visitent
413 1449 449 1504 et
469 1447 632 1505 moneant
653 1441 777 1504 fratres
805 1458 886 1505 suos
908 1441 1083 1505 humiliter
1104 1449 1139 1507 et
1162 1445 1344 1510 caritative

244 1541 420 1622 corrigant
434 1560 511 1620 eos;
536 1560 605 1604 non
624 1539 861 1622 praecipientes
883 1541 933 1604 eis
947 1541 1076 1624 aliquid
1092 1541 1184 1623 quod
1200 1543 1246 1606 sit
1262 1563 1345 1608 con-

245 1647 300 1703 tra
328 1641 476 1704 animam
499 1658 598 1702 suam
625 1646 661 1703 et
684 1639 841 1720 regulam
864 1648 1030 1704 nostram.
1082 1639 1224 1704 Fratres
1247 1662 1343 1721 vero,

244 1740 402 1821 quisunt
420 1739 561 1816 subditi,
581 1738 805 1802 recordentur
826 1740 918 1820 quod
940 1747 1083 1822 propter
1102 1740 1215 1804 Deum
1237 1745 1342 1807 abne-

243 1846 415 1919 gaverunt
431 1839 589 1921 proprias
600 1839 813 1918 voluntates;
837 1838 928 1903 unde
945 1839 1088 1903 firmiter
1104 1841 1267 1922 praecipio
1280 1842 1341 1920 eis,

242 1945 281 2001 ut
304 1938 468 2003 obediant
489 1939 561 2002 suis
584 1938 749 2002 ministris
771 1937 807 2000 in
830 1939 989 2002 omnibus
1009 1958 1086 2020 quae
1110 1941 1342 2021 promiserunt

242 2039 391 2101 Domino
419 2039 614 2113 observare,
633 2045 668 2100 et
686 2057 755 2101 non
781 2039 851 2101 sint
873 2039 1037 2102 contrarii
1062 2039 1186 2102 animae
1209 2059 1282 2104 suae
1305 2049 1341 2106 et

239 2136 369 2218 regulae
398 2146 537 2201 nostrae.
590 2136 635 2200 Et
658 2137 852 2218 ubicunque
875 2145 956 2200 sunt
978 2137 1115 2213 fratres,
1138 2139 1198 2221 qui
1213 2139 1340 2204 scirent
1387 2217 1389 2224 Ι

239 2244 274 2300 et
290 2243 537 2318 cognoscerent
553 2254 591 2299 se
607 2256 675 2300 non
690 2254 792 2318 posse
806 2237 961 2316 regulam
978 2235 1206 2319 spiritualiter
1221 2239 1337 2302 obser-

238 2355 332 2413 vare,
355 2336 399 2401 ad
423 2355 506 2400 suos
535 2335 710 2399 ministros
736 2334 894 2411 debeant,
926 2335 956 2398 si
979 2336 1126 2418 possint,
1152 2355 1338 2404 recurrere.

238 2435 392 2499 Ministri
408 2455 491 2499 vero
513 2435 694 2498 caritative
717 2443 752 2498 et
767 2434 914 2516 benigne
937 2453 996 2498 eos
1014 2435 1193 2516 recipiant,
1211 2445 1246 2499 et
1261 2443 1338 2500 tan-

238 2543 310 2599 tam
332 2535 602 2599 familiaritatem
627 2534 776 2597 habeant
790 2534 883 2598 circa
898 2534 1005 2615 ipsos,
1022 2541 1061 2596 ut
1076 2533 1188 2598 dicere
1202 2537 1337 2616 possint

237 2635 287 2697 eis
302 2642 336 2698 et
352 2635 465 2698 facere
482 2635 572 2697 sicut
588 2626 697 2698 servis
712 2634 807 2712 suis3
836 2652 915 2696 nam
933 2633 983 2697 ita
998 2632 1124 2697 debent
1140 2652 1226 2711 esse,
1243 2636 1335 2717 quod

236 2733 384 2797 ministri
398 2735 470 2797 sint
485 2734 575 2797 servi
589 2734 741 2797 omnium
757 2733 913 2796 fratrum.
966 2733 1096 2797 Moneo
1120 2753 1201 2798 vero
1224 2740 1259 2797 et
1273 2754 1334 2800 ex-

235 2831 354 2896 hortor
371 2819 415 2896 in
442 2833 592 2896 Domino
615 2832 702 2903 Jesu
727 2831 884 2920 Christo,
904 2838 943 2895 ut
969 2840 1115 2896 caveant
1141 2833 1265 2896 iratres
1290 2835 1333 2897 ab

234 2932 328 2995 omni
354 2932 528 3015 superbia,
552 2951 643 2996 vana
669 2931 792 3012 gloria,
815 2930 956 3007 invidia,
987 2933 1146 3005 avaritia,
1177 2952 1272 3009 cura,
1298 2942 1333 2997 et

234 3031 463 3096 sollicitudine
485 3031 589 3115 hujus
614 3030 733 3107 seculi,
755 3031 968 3094 detractione
993 3037 1029 3093 et
1048 3031 1332 3109 murmuratione,

233 3137 269 3194 et
287 3151 355 3194 non
374 3138 506 3208 curent,
524 3130 716 3194 nescientes
736 3129 868 3205 literas,
891 3129 1010 3192 literas
1028 3127 1180 3208 discere3
1204 3129 1263 3192 sed
1281 3138 1334 3194 at-

232 3230 376 3295 tendant
398 3230 490 3315 quod
512 3249 616 3312 super
637 3229 753 3293 omnia
775 3228 901 3291 debent
924 3228 1048 3291 habere
1071 3228 1230 3308 spiritum
1258 3227 1333 3292 Do·

232 3330 315 3393 mini
330 3337 365 3395 et
381 3337 536 3394 sanctam
553 3329 628 3412 ejus
643 3327 890 3410 operationem,
914 3347 1014 3392 orare
1037 3343 1172 3407 semper
1189 3326 1232 3390 ad
1251 3346 1328 3390 eum

231 3449 318 3511 puro
340 3430 452 3504 corde,
476 3437 511 3493 et
529 3428 655 3491 habere
676 3426 917 3502 humilitatem,
941 3425 1145 3507 patientiam
1161 3425 1196 3487 in
1213 3445 1330 3508 perse·

230 3530 368 3593 cutione
389 3537 425 3592 et
448 3529 484 3591 in
506 3527 715 3604 infirmitate,
739 3532 774 3588 et
800 3524 942 3606 diligere
966 3544 1026 3588 eos
1049 3525 1108 3606 qui
1131 3542 1193 3588 vos
1216 3544 1328 3606 perse-

231 3636 392 3710 quuntur,
418 3625 684 3709 reprehendunt,
708 3632 742 3688 et
759 3631 923 3705 arguunt,
945 3624 1028 3707 quia
1044 3623 1127 3686 dicit
1145 3623 1328 3700 Dominus,

229 3727 397 3809 ‘Diligite
420 3727 577 3790 inimicos
593 3733 729 3789 vestros
741 3724 764 3800 ;'
792 3730 838 3800 et,
854 3729 864 3757 ‘
879 3722 986 3786 Orate
1009 3742 1071 3805 pro
1094 3724 1328 3804 persequenti-

229 3827 292 3890 bus
311 3834 346 3890 et
365 3825 656 3890 calumniantibus
674 3823 762 3889 vos!
814 3823 941 3892 ‘Beati
967 3821 1027 3903 qui
1053 3823 1326 3903 persecutionem

227 3927 408 4007 patiuntur
435 3931 577 4007 propter
596 3923 783 4006 justitiam,
806 3921 969 4003 quoniam
995 3921 1148 4001 ipsorum
1171 3927 1224 3982 est
1246 3939 1325 4001 reg·

226 4045 307 4088 num
342 4023 527 4088 caelorum!
583 4020 676 4100 ‘Qui
709 4029 825 4085 autem
857 4017 1129 4102 perseveraverit
1155 4036 1265 4100 usque
1291 4019 1326 4081 in

225 4123 338 4202 finem,
356 4124 412 4188 hic
429 4122 548 4186 salvus
564 4121 653 4184 erit'
