3150 4992
588 453 788 502 nncrrorrns
813 453 945 502 vaura.
1253 439 1317 501 141

220 569 278 615 rso.
296 579 348 616 nm.

150 697 154 702 .
208 643 282 718 121,
322 645 354 718 5,
369 649 473 706 cctam
609 639 702 705 addat
730 639 855 716 Paris„
880 639 984 704 ¹lstis
1015 640 1136 704 diebus
1165 643 1318 705 surrexit

634 741 670 804 in
682 739 832 803 Francia
844 739 983 822 quidam
1000 740 1207 822 praedicator
1218 760 1315 822 egre·

635 841 726 921 gius,
757 859 820 921 per
849 860 950 922 quem
974 840 1145 903 Dominus
1170 844 1317 904 virtutes

634 939 749 1021 palam
783 940 919 1021 operari
956 939 1120 1021 dignatus
1156 947 1220 1014 est,
1257 941 1317 1022 qui

637 1053 777 1102 usuram
795 1039 830 1101 in
844 1040 993 1102 Francia
1009 1040 1158 1102 maxime
1173 1047 1318 1103 conatus

637 1146 690 1202 est
701 1139 906 1220 exstirpare,
916 1158 994 1222 quae
1004 1139 1110 1202 u‘sura
1120 1139 1156 1201 in
1168 1138 1318 1203 Francia

636 1239 680 1301 ab
709 1237 816 1302 Italia
839 1239 1011 1302 transiens
1039 1237 1140 1301 nimis
1169 1239 1317 1320 pullula-

636 1345 735 1401 verat
752 1345 788 1401 et
808 1337 922 1401 nobile
941 1358 1086 1420 regnum
1106 1337 1317 1402 Francorum

633 1437 707 1520 Jam
734 1423 982 1502 maculaverat.
1035 1436 1172 1502 Nomen
1197 1439 1318 1519 praedi-

637 1537 747 1600 calori
772 1537 881 1600 Fulco
905 1537 983 1613 fuit,
1005 1538 1066 1619 qui
1091 1538 1127 1601 in
1150 1536 1317 1618 Angliam

637 1636 809 1718 quendam
826 1636 1026 1719 religiosum
1047 1638 1091 1700 ad
1116 1638 1320 1719 deponenda

639 1744 797 1818 tempora
825 1737 1020 1801 commercii
1050 1738 1171 1802 diebus
1196 1737 1319 1801 Domi·

638 1835 724 1898 nicis
750 1837 910 1899 abbatem
933 1837 976 1900 de
1003 1836 1080 1900 Flai
1107 1837 1318 1912 destinavit3

637 1935 697 2017 qui
725 1937 864 1998 veniens
895 1936 980 1999 illud
1012 1937 1255 2000 inconveniens
1282 1937 1318 1999 in

638 2034 754 2098 multis
766 2034 852 2098 locis
865 2036 1004 2103 delevit.
1025 2036 1076 2099 Eo
1087 2055 1224 2118 quoque
1234 2044 1317 2098 tem-

637 2154 721 2216 pore
727 2134 904 2198 Robertus
917 2135 1128 2217 Salopesbiri
1140 2154 1318 2199 consecra·

638 2241 696 2296 tus
713 2243 767 2297 est
782 2235 818 2296 in
836 2235 1036 2316 episcopum
1051 2235 1095 2298 de
1113 2235 1267 2316 Bangor.

214 2402 265 2413 -
306 2367 360 2440 25,
374 2364 438 2448 ipse
450 2362 562 2448 rapi...
615 2357 691 2440 ejus
721 2357 919 2439 homagium
947 2378 1025 2422 cum
1052 2358 1252 2442 juramento
1284 2366 1319 2422 et

367 2464 565 2527 Francorum
637 2457 717 2521 fidei
738 2458 1000 2541 interpositione
1016 2466 1051 2523 et
1069 2459 1245 2522 obsidibus
1262 2478 1319 2522 ac-

636 2557 748 2639 cepit3
771 2559 822 2622 Oc.
838 2566 866 2621 ct
882 2558 923 2620 R,
1021 2573 1027 2582 ·

216 2687 288 2762 122,
328 2688 357 2762 l,
376 2683 488 2749 obsedit
617 2682 665 2745 00.
687 2681 754 2745 and
775 2682 817 2745 Il.
839 2682 955 2758 insert,
974 2681 1208 2746 ‘Imminebat
1227 2683 1317 2746 enim

637 2782 686 2845 eis
703 2801 766 2865 pro
778 2788 873 2845 certo
891 2782 982 2863 quod
1001 2783 1035 2844 in
1054 2782 1150 2846 brevi
1168 2801 1230 2864 per
1244 2802 1318 2845 om·

636 2881 694 2944 nia
729 2881 1003 2964 triumphaturus
1034 2880 1123 2945 foret
1158 2901 1220 2944 rex
1254 2881 1318 2945 Ri-

635 2980 783 3044 chardus
824 2981 1088 3062 imperterritus,
1130 2980 1316 3043 secundum

635 3079 720 3143 illud
742 3080 849 3162 igitur
869 3080 1055 3161 poeticum,
1071 3078 1225 3142 ‘Mobile
1243 3100 1317 3143 ver-

636 3185 735 3242 satur
765 3197 901 3260 semper
941 3198 1020 3242 cum
1052 3178 1207 3260 principe
1242 3179 1319 3241 vul-

636 3278 725 3360 gns!

210 3441 264 3452 —-
308 3401 565 3480 13,Boldewiuus
612 3400 701 3465 deest.

252 3613 334 3664 'Istis
351 3607 459 3679 diebus]
487 3611 587 3660 Diebus
606 3615 690 3660 cirtem
707 3611 755 3659 sub
780 3609 842 3658 dum
860 3610 939 3658 abbas
958 3609 991 3657 de
1010 3609 1077 3670 Flai,
1099 3610 1143 3670 qui
1165 3615 1319 3660 mercaturas

215 3685 310 3735 eisdem
337 3683 440 3745 qnidam
467 3681 619 3742 praedicator
646 3681 755 3730 eximius
781 3680 923 3728 Dominicis
933 3679 1024 3728 diebus
1035 3694 1094 3740 quae
1112 3681 1224 3728 exerceri
1240 3682 1320 3730 solent

216 3757 295 3804 Fulco
306 3754 405 3802 nomine
416 3753 441 3801 in
449 3751 537 3801 Gallia
547 3751 640 3809 floruit,
649 3765 696 3811 pro
705 3766 755 3812 quo
780 3750 882 3799 delerit.
913 3749 1009 3798 Eodem
1019 3749 1094 3798 etiam
1103 3753 1215 3810 tempore
1227 3750 1321 3800 Rober·

186 3879 189 3886 ,
215 3826 342 3874 Dominus
360 3823 445 3885 palam
463 3822 570 3869 virtutes
584 3821 683 3882 operari
700 3821 754 3882 dig·
780 3819 1050 3879 tusdeSulepesbires
1064 3825 1224 3868 consecratus
1239 3826 1278 3869 est
1293 3823 1320 3868 in

216 3899 349 3944 natusest.
379 3893 431 3941 Iste
441 3905 544 3939 usuram
556 3891 582 3938 in
594 3890 755 3951 Francorum,
780 3890 928 3950 episcopum
944 3888 977 3936 de
994 3890 1186 3950 Bangor.—Ce.
1198 3893 1222 3936 et
1235 3890 1277 3951 R„
1294 3892 1320 3939 in

216 3966 324 4014 maxime
336 3964 360 4012 in
373 3961 500 4010 Flanrlriae
517 3960 642 4021 partibus,
650 3964 755 4009 conatus
780 3958 865 4007 which
887 3958 962 4007 MSS.
983 3959 1037 4006 also
1060 3958 1129 4007 there
1151 3959 1251 4007 follows
1277 3960 1319 4009 the

214 4040 253 4085 est
261 4034 410 4094 exstirpare,
420 4045 478 4092 quae
490 4045 523 4078 ex
534 4031 648 4090 partibus
657 4029 755 4078 Italicis
780 4028 871 4090 legend
885 4029 1036 4089 concerning
1046 4027 1089 4077 the
1106 4029 1197 4089 knigbt
1212 4029 1261 4077 and
1278 4030 1320 4078 the

215 4106 318 4155 veniens
343 4107 428 4164 partes
454 4101 598 4160 Cisalpinae
626 4099 754 4148 iniecerat.
780 4099 885 4147 crucifix
897 4097 1018 4146 recorded
1030 4098 1062 4158 by
1072 4099 1214 4148 Wendover
1228 4099 1320 4162 below,

216 4174 328 4224 Consilio
349 4173 424 4220 etiam
452 4171 522 4218 illius
548 4173 586 4217 est
611 4169 704 4217 missus
729 4169 753 4216 in
780 4168 829 4217 vol.
844 4168 878 4215 iv.
890 4183 917 4228 p.
929 4171 988 4228 234,
999 4181 1062 4229 seqq.

215 4245 335 4307 Angliam
346 4242 433 4291 eodem
445 4245 556 4300 tempore
568 4238 601 4287 ad
612 4239 753 4299 praedican-
