3150 4992
248 479 314 544 134
615 490 817 538 nncrrouns
840 489 974 537 viarm.

251 686 287 742 et
321 674 408 757 regii
440 672 587 761 ministri
620 680 655 736 et
685 672 948 738 excellentiores
978 669 1130 736 civitatis
1159 668 1288 732 crimen
1315 665 1354 729 in

252 776 474 843 Willclmum.
545 771 701 854 Cumque
740 773 980 836 circundarent
1015 791 1093 836 eum
1132 769 1278 850 regaleS,
1310 774 1356 833 ¹ut

252 878 365 960 ipsum
398 879 560 956 caperent
594 872 730 949 armati,
762 879 838 935 erat
867 873 956 936 enim
986 870 1181 936 Willelmus
1213 885 1357 950 genero·

254 995 314 1039 sus
344 981 379 1038 et
409 973 618 1037 clarissimus
651 973 687 1035 in
716 972 870 1050 civitate,
903 980 938 1036 et
967 990 1112 1054 corpore
1143 985 1289 1049 magnus
1320 973 1356 1029 et

254 1075 387 1139 viribus
418 1073 553 1153 integer
582 1078 617 1136 et
643 1079 818 1146 strenuus,
850 1071 989 1155 clapsus
1019 1077 1074 1134 est
1102 1069 1221 1133 invitis
1251 1065 1356 1130 omni-

256 1177 333 1251 bus,
359 1172 435 1236 sola
462 1173 535 1235 sica
566 1190 603 1236 sc
634 1170 847 1252 defendens3
880 1179 916 1235 et
944 1168 1087 1252 fugiens
1110 1169 1146 1233 in
1176 1166 1357 1233 ecclesiam

258 1279 388 1338 sanctae
403 1271 527 1335 Mariae
544 1270 587 1334 de
605 1269 764 1334 Arcubus
784 1290 873 1349 sese,
897 1278 937 1335 ut
952 1269 1077 1334 ibidem
1101 1270 1145 1332 ab
1161 1266 1360 1331 imminente

255 1381 366 1439 morte
391 1378 427 1435 et
442 1371 601 1453 captione
625 1370 841 1448 liberaretur,
866 1371 1007 1454 recepit,
1033 1368 1213 1451 postulans
1239 1383 1358 1448 pacem

257 1480 293 1537 ct
309 1471 558 1554 protectionem
573 1470 716 1533 Domini
733 1477 768 1534 et
782 1471 895 1534 beatae
910 1470 1035 1533 Mariae
1053 1476 1088 1532 et
1104 1473 1235 1531 sanctae
1253 1462 1359 1529 eccle·

257 1573 331 1649 siae,
353 1589 510 1634 asserens
526 1587 564 1632 se
582 1590 651 1633 non
668 1575 810 1652 propter
826 1569 919 1634 aliud
943 1569 1061 1651 iniquo
1076 1566 1210 1651 judicio
1236 1571 1359 1648 poten·

258 1680 333 1736 tum
357 1669 537 1745 restitisse,
554 1669 621 1732 nisi
645 1676 685 1732 ut
704 1688 823 1734 omnes
846 1668 922 1753 pari
943 1668 1092 1751 pondere
1114 1670 1361 1749 premerentur,

260 1779 295 1836 et
312 1768 440 1852 singuli
456 1769 562 1852 juxta
577 1788 658 1832 suas
673 1768 857 1833 facultates
875 1769 1142 1832 contribuerant.
1193 1765 1259 1828 Sed
1283 1782 1361 1826 cum

260 1890 329 1934 non
346 1868 580 1946 exaudiretur,
598 1875 633 1932 et
652 1868 858 1950 praevaleret
884 1887 965 1951 pars
992 1868 1173 1951 majorum,
1197 1863 1362 1948 praecepit

261 1968 548 2051 archiepiscopus
580 1987 650 2033 non
677 1968 751 2031 sine
777 1969 964 2032 multorum
991 1967 1228 2041 admiratione,
1253 1971 1293 2026 ut
1319 1963 1363 2025 ab

261 2068 407 2132 ecclesia
435 2068 603 2131 violenter
627 2068 867 2132 extraheretur
889 2067 1058 2151 judicium
1084 2066 1272 2141 subiturus,
1302 2062 1363 2144 qui

261 2168 463 2232 seditionem
490 2168 599 2231 movit
613 2168 649 2230 in
668 2168 810 2231 civitate
828 2172 1015 2231 ct'tantum
1041 2166 1208 2248 populum
1228 2171 1363 2247 pertur-

263 2267 416 2331 baverat.
461 2265 563 2344 Quod
579 2285 656 2329 cum
673 2266 850 2332 Willelmo
865 2268 1093 2343 nuntiaretur,
1111 2285 1148 2329 sc
1165 2264 1311 2327 festinus
1327 2263 1364 2324 in

263 2368 386 2431 turrim
403 2366 556 2430 ecclesiae
571 2366 721 2448 recepit3
746 2375 891 2430 noverat
902 2368 991 2430 enim
1005 2365 1079 2449 jam
1094 2365 1184 2447 qnod
1204 2363 1365 2446 majores,

264 2467 389 2548 quibus
407 2465 677 2542 contradixerat,
694 2467 843 2529 animam
859 2465 934 2548 ejus
949 2467 1160 2547 quaerebant.
1204 2463 1364 2526 Protervi

265 2572 381 2628 autem
404 2565 585 2641 instantes»,
613 2566 794 2647 supposito
818 2566 911 2646 igne,
928 2584 1090 2646 magnam
1110 2564 1264 2628 ecclesiae
1283 2581 1364 2644 par-

264 2672 334 2726 tem
352 2664 624 2740 combusserunt,
641 2662 859 2745 sacrilegium
880 2671 1014 2727 tantum
1038 2684 1106 2727 non
1129 2663 1364 2727 abhorrentes.

266 2762 417 2826 Coactus
437 2770 490 2825 est
511 2762 618 2842 igitur
634 2762 832 2843 Willelmus
856 2781 878 2826 a
897 2765 984 2827 turri
1009 2764 1225 2840 descendere,
1253 2762 1366 2825 calore

267 2870 303 2925 et
317 2862 410 2925 fumo
427 2881 526 2943 paene
542 2861 741 2926 suffocatus
774 2862 908 2944 Captus
923 2870 976 2926 cst
993 2863 1099 2945 igitur
1113 2870 1148 2926 et
1163 2864 1207 2925 ab
1222 2861 1367 2926 ecclesia

267 2961 435 3025 violenter
449 2967 640 3039 extractus,
657 2962 886 3044 exspoliatus
904 2968 950 3040 et,
966 2963 1091 3027 vinctis
1107 2962 1265 3025 manibus
1288 2968 1368 3043 post

267 3070 402 3142 tergum
427 3069 462 3124 et
483 3061 640 3143 pedibuS,
667 3062 710 3124 ad
736 3062 879 3126 caudam
904 3062 984 3144 equi
1006 3061 1155 3125 trahitur
1178 3061 1222 3124 ad
1246 3060 1368 3124 turrim
1463 3122 1467 3130 ,

270 3161 544 3226 Londonienscm
568 3161 844 3225 incarcerandus.
897 3160 943 3225 Et
959 3161 1028 3224 cito
1049 3168 1141 3242 post,
1164 3162 1213 3224 sic
1231 3161 1369 3223 volente

268 3261 526 3343 archiepiscopo
548 3261 644 3324 etad
667 3261 702 3324 id
725 3281 802 3325 eum
820 3259 1076 3325 stimulantibus
1093 3259 1372 3323 eminentioribus

270 3361 404 3423 civibus
429 3368 465 3422 et
491 3361 657 3423 ministris
692 3362 809 3442 regiis,
838 3362 963 3425 iterum
997 3361 1130 3441 rapitur
1156 3378 1178 3422 a
1209 3359 1308 3434 turri,
1336 3367 1371 3422 et

269 3459 399 3540 ligatus
424 3458 467 3521 ad
496 3459 642 3521 caudam
670 3460 831 3543 equinam
859 3460 902 3524 ad
931 3459 1106 3523 Ulmetum
1133 3479 1195 3542 per
1221 3458 1370 3522 medium

272 3557 422 3621 Londini
460 3556 619 3635 trahitur,
659 3560 821 3622 miserum
857 3560 1054 3622 concivibus
1098 3560 1171 3622 suis
1215 3559 1373 3640 praebens

271 3656 519 3738 spectaculum,
541 3661 576 3718 et
605 3657 722 3737 generi
746 3677 822 3735 suo,
845 3657 937 3739 quod
965 3658 1169 3741 praeclarum
1196 3657 1317 3720 habuit
1337 3658 1374 3721 in

273 3757 435 3834 civitatc;
475 3762 511 3818 et
544 3775 732 3838 suspensus
763 3764 816 3820 est
849 3777 911 3839 per
942 3764 1098 3820 catenam
1135 3759 1169 3819 in
1204 3756 1372 3839 patibulo.

274 3855 321 3918 Et
343 3856 392 3919 sic
419 3853 615 3920 Willelmus
648 3855 759 3919 dictus
789 3857 964 3920 Barbatus
991 3857 1047 3920 vel
1075 3857 1203 3933 Barba,
1232 3876 1295 3938 pro
1320 3875 1372 3918 as-

274 3953 423 4017 sertione
448 3955 605 4019 veritatis
626 3961 661 4018 et
684 3975 746 4038 pro
774 3974 879 4020 causa
900 3975 1090 4039 pauperum
1111 3955 1251 4032 tuenda,
1273 3956 1376 4018 morti

274 4053 422 4117 traditur
448 4073 469 4117 a
489 4055 688 4117 concivibus
713 4055 784 4119 suis
807 4056 1054 4137 ignominiose3
1079 4056 1169 4119 unde
1192 4075 1267 4118 cum
1298 4074 1377 4118 con-

275 4160 345 4217 stet
378 4172 517 4216 causam
551 4162 736 4236 martyrem
770 4155 895 4232 facere,
925 4155 1016 4218 inter
1046 4163 1215 4238 martyres
1244 4155 1378 4218 videtur

277 4253 398 4317 merito
429 4254 692 4335 computandus.
745 4253 912 4338 Suspensi
943 4262 1060 4318 autem
1103 4263 1184 4319 sunt
1222 4274 1299 4317 cum
1336 4274 1377 4317 eo
