3150 4992
258 426 325 491 234
633 441 835 490 nncriouns
863 442 997 490 vantra.

261 643 338 688 mus
357 622 492 688 Mantel
506 623 549 687 de
573 623 713 700 arente,
731 623 838 687 frater
857 623 1020 700 Falcasii,
1037 623 1188 687 etmulti
1205 622 1313 705 Angli
1329 632 1365 689 et

164 752 167 758 ·
261 721 456 788 Normanni
479 723 623 798 nobiles,
644 724 704 805 qui
726 742 844 786 omnes
860 723 1047 804 suspendio
1062 730 1145 787 sunt
1160 723 1362 808 adjudicati,

260 823 351 886 sicut
367 822 519 904 plenarie
532 822 568 885 in
586 822 870 886 antecedentibus
883 822 1086 904 praedictum
1096 831 1162 887 est.

275 969 281 982 ⁸
368 985 571 1051 Baldewr‘aus
587 987 755 1072 imperator
769 987 864 1050 rediit
876 1008 969 1050 cauas
986 988 1022 1051 io
1034 957 1244 1083 Haeduum,

319 1118 554 1195 Baldewinus,
588 1137 702 1182 comes
741 1117 976 1193 Flandrensis,
1010 1120 1070 1201 qui
1107 1126 1143 1184 et
1176 1120 1364 1201 imperator

261 1217 678 1301 Constantinopolitanus,
707 1226 788 1300 post
812 1237 978 1282 annosam
1006 1226 1041 1283 et
1058 1238 1229 1283 morosam
1252 1220 1364 1283 incar-

260 1319 471 1382 cerationem
500 1325 537 1382 et
562 1318 835 1400 poenitentialem
864 1318 1174 1399 peregrinationem
1202 1319 1304 1383 rediit
1326 1320 1363 1382 iu

263 1417 484 1498 Flandriam;
511 1425 636 1482 etcum
655 1437 677 1480 a
691 1417 953 1499 quamplurimis
968 1418 1064 1494 viris,
1079 1418 1138 1500 qui
1158 1437 1236 1481 eum
1259 1425 1363 1481 antea

260 1523 508 1597 cognoverunt,
537 1516 619 1580 licet
643 1517 679 1580 in
705 1516 824 1580 multis
857 1517 1024 1580 alteratus
1053 1516 1187 1591 fuisset,
1217 1536 1363 1597 cognos-

260 1623 407 1692 ceretur,
423 1617 553 1698 recepit
567 1615 727 1698 homagia
742 1624 778 1680 et
793 1615 977 1680 fidelitates
994 1635 1015 1678 a
1027 1615 1145 1679 multis
1163 1617 1362 1680 civitatibus

260 1723 296 1779 et
312 1704 447 1798 oppidis
465 1713 650 1779 Flaudriae.
702 1715 769 1779 Sed
787 1715 859 1778 filia
875 1716 985 1798 ipsius
1000 1714 1158 1778 invidens
1174 1735 1361 1797 exaspera·

259 1814 311 1878 vit
322 1834 437 1896 regem
452 1823 573 1879 contra
590 1815 715 1897 ipsum,
733 1814 906 1878 affirmans
923 1815 1037 1896 ipsum
1049 1834 1118 1877 nou
1138 1834 1213 1878 esse
1226 1821 1360 1896 patrem

260 1932 372 1989 suum,
398 1933 460 1978 nec
484 1915 598 1997 ipsum
625 1933 701 1978 esse
721 1934 824 1996 quem
843 1934 881 1979 se
901 1914 1004 1992 fecit3
1031 1915 1297 1996 procuravitque
1321 1922 1362 1978 ut

259 2013 445 2094 praedictus
477 2022 575 2095 pater
606 2031 690 2078 suus
716 2014 944 2096 ignominiose
974 2013 1251 2094 suspenderetur,
1279 2032 1361 2076 nam

260 2111 340 2176 binc
366 2120 401 2176 et
426 2112 505 2176 inde
531 2113 614 2176 fecit
644 2113 731 2176 duos
762 2132 865 2177 canes
891 2119 1037 2188 veterae,
1066 2113 1197 2176 scilicet
1220 2113 1362 2193 mirgos,

260 2211 437 2294 suspendi.
503 2212 582 2276 Hoc
615 2220 731 2276 tamen
757 2220 917 2276 asserunt
942 2211 1055 2288 multi,
1078 2212 1204 2293 quibus
1232 2213 1363 2275 conses-

260 2310 390 2376 sionem
405 2311 498 2388 secit,
516 2313 668 2394 peccatis
684 2311 756 2376 suis
774 2312 995 2392 exigentibus
1017 2311 1257 2392 promeruisse,
1281 2312 1364 2394 quia

259 2429 282 2474 a
303 2430 440 2475 carcerc
459 2413 570 2475 evasit
590 2431 668 2476 cum
693 2411 796 2476 sociis
822 2411 894 2474 suis
916 2410 1151 2487 incarceratis,
1178 2411 1237 2492 qui
1255 2411 1362 2492 -capti

259 2508 400 2573 fuerunt
427 2529 506 2574 cum
536 2530 577 2574 eo
610 2511 645 2573 in
675 2511 808 2593 praelio,
841 2509 1033 2592 opitulante
1065 2509 1215 2591 quadam
1245 2510 1362 2592 puella

261 2608 381 2685 nobili,
411 2629 452 2673 eo
484 2618 602 2691 pacto,
634 2617 673 2673 ut
704 2610 939 2691 baptisarctur
970 2628 1074 2691 quam
1104 2608 1173 2673 cito
1203 2610 1362 2674 venirent

260 2706 396 2770 liberati
427 2709 463 2771 in
490 2707 808 2786 christianitatem
835 2707 895 2771 sed
925 2708 1149 2772 Baldewinus
1175 2708 1363 2791 imperator

260 2825 337 2869 cum
366 2807 439 2870 suis
466 2799 580 2883 sociis',
610 2825 687 2870 cum
716 2807 953 2890 pervenissent
978 2827 1056 2872 cum
1083 2809 1160 2890 ipsa
1188 2807 1303 2889 puella
1324 2809 1361 2870 iu

260 2904 337 2968 loca
352 2907 481 2970 tutiora
499 2905 787 2983 Christianorum,
806 2906 913 2983 illam,
937 2927 1040 2989 quam
1063 2908 1221 2988 promisit
1238 2907 1364 2971 ducere

259 3005 295 3068 in
322 3025 467 3070 uxorem
494 3014 531 3070 et
559 3005 793 3070 Christianam
818 3006 931 3070 facere
955 3014 991 3069 et
1016 3007 1170 3073 moribus
1193 3005 1361 3070 Christia-

260 3124 382 3169 norum
409 3105 605 3180 informare,
626 3113 706 3170 ante
733 3106 909 3170 lavacrum
933 3107 1202 3186 regenerationis
1226 3106 1364 3170 occulte

260 3204 342 3270 fecit
364 3205 491 3282 necari,
513 3205 603 3268 uude
623 3213 693 3269 tam
717 3205 776 3268 diu
800 3206 845 3269 ad
861 3225 898 3268 se
915 3224 1074 3268 reversus
1090 3205 1173 3269 fecit
1193 3207 1362 3288 poeniten-

260 3304 344 3368 tiam
377 3305 504 3368 utrix
528 3323 550 3367 a
578 3305 805 3369 familiaribus
835 3305 939 3369 etiam
969 3312 1246 3386 cognosceretur,
1269 3324 1362 3387 papa

259 3403 462 3487 injungente
477 3405 716 3486 poenitentiam
730 3412 801 3468 tam
819 3423 972 3485 gravem,
985 3405 1068 3485 quia
1084 3403 1235 3467 noudum
1250 3405 1361 3486 bapti·

259 3511 372 3566 satam
395 3502 530 3566 occidit.
582 3503 712 3568 Omnes
739 3513 869 3579 autem,
892 3504 953 3585 qui
980 3503 1060 3567 huic
1079 3504 1223 3567 consilio
1245 3522 1363 3567 asseu-

260 3621 336 3664 sum
361 3602 592 3683 praebuerunt,
620 3604 713 3684 turpi
741 3610 852 3665 morte
878 3603 1075 3684 perierunt3
1103 3622 1248 3685 quorum
1272 3622 1360 3666 unus
1405 3661 1408 3666 .

262 3719 338 3763 cum
366 3699 409 3762 ad
435 3719 579 3764 uxorem
609 3720 707 3766 suam
732 3702 957 3783 pervenisset,
988 3709 1023 3766 ct
1051 3704 1095 3766 ab
1120 3703 1251 3780 eadem,
1279 3702 1362 3784 quia

257 3800 332 3884 jam
361 3799 467 3863 alium
495 3799 606 3863 virum
632 3800 801 3864 habuerat
833 3807 869 3865 ct
899 3799 989 3864 filios
1013 3802 1057 3864 ab
1087 3801 1206 3865 eodem
1246 3820 1362 3865 susce·

260 3906 371 3983 perat,
393 3900 480 3964 bene
504 3908 780 3980 cognosceretur,
803 3900 1039 3982 praecipitatus
1069 3908 1123 3965 est
1148 3902 1184 3964 in
1208 3909 1363 3983 puteum,

262 4000 327 4064 boc
351 4019 460 4063 uxore
488 3999 576 4064 clam
610 4007 836 4082 procurante3
874 4006 910 4064 et
937 4000 987 4064 sic
1018 4000 1089 4077 alii,
1123 4000 1269 4082 quilibet
1298 4020 1362 4063 suo

261 4119 356 4177 casu,
381 4099 459 4164 Deo
491 4101 593 4176 irato,
628 4102 687 4183 qui
721 4120 789 4164 non
818 4099 893 4164 vult
920 4101 1012 4162 mala
1037 4119 1100 4182 pro
1130 4101 1230 4163 bonis
1260 4100 1361 4174 solvi,

262 4199 502 4264 miserabiliter
543 4199 728 4283 perierunt.
796 4199 872 4265 Nec
918 4219 1036 4263 corum
1079 4200 1247 4281 superior,
1290 4201 1361 4281 qui,
