3150 4992
265 465 332 528 274
638 477 838 526 uncrrouns
864 478 994 525 varum.

269 604 342 742 did,
361 604 415 741 nd,
431 664 557 728 remeet
667 663 749 727 licet
760 668 892 727 cartam
907 662 1010 743 regie,
1024 669 1064 724 ut
1073 662 1210 737 dicitur,
1228 660 1373 724 haberet

691 762 830 826 ballivae
847 780 920 824 suae
934 760 1192 843 perpetuandae,
1208 759 1350 822 amovit.

271 882 347 960 247,
386 889 419 961 8,
435 886 499 969 ipre
671 884 836 965 corrupit,
854 891 899 946 et.

271 1047 320 1057 -
366 1011 418 1084 12,
434 1005 588 1072 subtrabit
671 1004 860 1086 copulavit.

272 1174 319 1184 -
364 1132 415 1207 14,
433 1129 516 1194 nulli
536 1175 593 1193 ...
611 1174 618 1188 .
671 1127 901 1191 invincibilem
919 1124 1075 1190 reddidit.

431 1235 575 1313 periuret

269 1393 320 1403 -
366 1349 622 1432 15,eiecipotu·
671 1335 823 1407 deirae(

435 1448 516 1523 ieret,
532 1446 596 1530 ipe

270 1615 321 1625 -
366 1573 417 1647 16,
427 1588 578 1655 peninum
672 1565 760 1628 deest.

271 1737 321 1747 -
366 1695 417 1770 19,
428 1690 574 1776 principi
673 1687 793 1750 eidem.

429 1788 623 1853 Watttaren

273 1911 587 1994 metamorfoti
674 1910 822 1976 interfici
839 1910 1060 1993 procuravit3
1087 1917 1123 1973 et
1137 1929 1198 1993 per
1218 1911 1379 1976 incanta-

697 2011 809 2074 tiones
838 2016 874 2072 et
897 2006 1076 2088 sortilegia
1109 2028 1223 2090 regem
1253 2010 1296 2072 ad
1324 2010 1378 2073 fa-

696 2127 814 2171 vorem
831 2114 866 2170 et
880 2107 935 2168 sui
954 2105 1139 2187 specialem
1154 2107 1255 2170 nimis
1270 2108 1375 2171 dilec-

698 2207 824 2270 tionem
840 2204 1081 2282 inclinaverat3
1106 2211 1141 2268 et
1154 2205 1244 2288 quod
1256 2207 1291 2268 in
1308 2206 1377 2269 dis-

697 2304 878 2379 contitura,
906 2321 985 2384 quae
1014 2308 1090 2365 erat
1115 2303 1150 2365 in
1179 2305 1279 2380 mari,
1307 2305 1378 2386 pri-

697 2423 798 2467 sones
820 2400 947 2464 multos
969 2401 1101 2465 nobiles
1123 2402 1167 2464 ab
1188 2402 1302 2465 nautis
1320 2421 1376 2464 re·

696 2503 762 2582 gis,
792 2501 851 2583 qui
881 2518 940 2562 eos
972 2499 1068 2581 juste
1103 2508 1276 2582 ceperant,
1309 2501 1377 2562 sibi

696 2600 788 2681 cepit
805 2606 840 2662 et
855 2596 997 2660 retinuit
1013 2597 1211 2679 spoliandos
1225 2619 1233 2676 ;
1257 2597 1315 2660 alii
1333 2599 1378 2661 de

696 2697 835 2778 injustis
864 2694 1200 2759 exbaeredationibus
1228 2695 1284 2759 vel
1314 2716 1378 2759 ex-

697 2794 890 2858 actionibus
923 2792 978 2858 vel
1007 2792 1269 2875 spoliationibus
1294 2814 1376 2874 gra·

697 2913 773 2956 vem
799 2892 843 2954 de
862 2911 913 2955 eo
945 2892 1177 2973 deposuerunt
1204 2893 1376 2974 querimo-

697 3010 799 3054 niam.

275 3157 325 3167 -
371 3116 423 3190 16,
440 3114 626 3197 querimoei-
675 3112 856 3195 conquesti
869 3119 961 3175 sunt.
1048 3187 1051 3195 Ι

443 3233 496 3274 cm
507 3234 626 3297 propo·-

442 3320 568 3374 memmi

277 3473 328 3484 -
373 3434 428 3507 29,
442 3429 565 3494 medens
676 3425 819 3491 studens
836 3444 876 3489 ac
893 3425 1021 3504 legens

279 3557 352 3629 250,
392 3550 423 3628 7,
440 3553 628 3637 paralim-
677 3548 981 3631 persequebantur.
1009 3545 1097 3610 Cum
1111 3555 1225 3616 antem
1237 3549 1380 3632 majoris

444 3648 517 3713 laet
529 3671 628 3714 ...ae-
699 3644 914 3708 discretionis
930 3646 1035 3722 civeS,
1050 3645 1210 3710 videlicet
1218 3645 1379 3712 Andreas

442 3748 523 3832 potio
538 3741 604 3812 'im-
700 3742 852 3810 Bukerel
882 3749 918 3806 et
951 3741 974 3805 J
977 3742 1129 3807 ohannes
1158 3744 1309 3808 Travers
1343 3753 1378 3810 et

438 3847 575 3931 perfecto
699 3841 840 3928 quidam
862 3840 932 3917 alii,
955 3841 1030 3904 haec
1049 3843 1166 3905 sanius
1189 3841 1380 3912 intellexis-

699 3947 787 4018 sent,
808 3941 973 4004 librantes
993 3939 1110 4003 futura
1122 3941 1307 4030 scandala,
1324 3962 1380 4005 ve-

700 4045 825 4102 nerunt
841 4038 1043 4101 festinanter
1058 4038 1101 4100 ad
1119 4038 1291 4120 [domum]
1309 4041 1381 4122 epi-

700 4137 797 4216 scopi
808 4135 1056 4198 wintoniensis
1066 4135 1162 4200 Petri
1174 4138 1266 4219 apud
1276 4138 1381 4201 Suth-

701 4233 826 4310 werck,
845 4241 880 4296 et
900 4235 1093 4297 excitantes
1115 4255 1193 4298 eum
1215 4255 1237 4298 a
1260 4256 1380 4300 somno
