3150 4992
604 473 801 520 suerrouns
827 474 960 521 vunnu.
1264 456 1330 520 229

226 653 263 716 in
289 655 493 735 quomulta
517 654 656 718 suerunt
681 661 816 719 statuta
842 656 887 718 ad
914 641 1192 718 reformationem
1215 662 1328 719 status

228 753 381 816 ecclesiae
412 753 617 836 Anglicanae
649 761 684 818 et
715 755 915 818 monasticae
950 753 1138 836 religionis,
1172 754 1262 818 sicut
1290 755 1327 817 in

227 850 321 916 dicto
353 855 497 917 concilio
533 855 620 918 alias
653 854 788 936 plenius
819 854 1026 921 continetur.
1079 854 1210 917 Eodem
1244 873 1327 935 quo·
1359 865 1362 871 '

228 970 295 1032 que
319 971 410 1018 anno
434 954 519 1018 obiit
534 954 731 1018 willelmus
755 955 799 1018 de
829 953 997 1030 Humeto,
1021 954 1129 1016 abbas
1154 953 1328 1016 westmo-

228 1053 462 1133 nasteriensis
496 1053 697 1117 duodecimo
736 1052 899 1117 calendas
931 1053 1037 1130 Maii;
1075 1051 1132 1115 cui
1161 1053 1329 1116 successit

229 1149 425 1215 Richardus
462 1152 504 1216 de
539 1152 706 1234 Berking,
746 1151 900 1236 ejusdem
935 1148 1089 1216 ecclesiae
1125 1151 1231 1233 prior,
1266 1152 1327 1234 qui

228 1250 346 1313 eodem
379 1271 482 1326 anno,
513 1251 771 1334 quartodecimo
810 1251 972 1315 calendas
1008 1251 1181 1327 OctobriS,
1210 1255 1233 1314 a
1268 1250 1327 1314 do

228 1339 320 1412 inino
346 1350 452 1414 Petro
475 1351 708 1416 wintoniensi
734 1351 769 1415 in
796 1351 942 1415 ecclesia
963 1349 1328 1415 westmonasteriensi

146 1528 150 1536 Ι
228 1467 352 1511 munus
378 1449 625 1514 benedictionis
648 1449 809 1533 suscepit.
862 1450 946 1533 Ipso
974 1469 1111 1532 quoque
1138 1469 1228 1513 anno
1252 1448 1326 1512 Ra-

228 1546 390 1629 nulphuS,
431 1549 656 1628 Cicestrensis
698 1548 894 1630 episcopuS,
933 1549 1119 1632 aliquando
1161 1547 1328 1625 officialis,

146 1663 150 1670 ’
226 1653 348 1728 postea
371 1649 465 1729 prior
495 1647 741 1726 Norwioensis,
762 1649 855 1713 viam
876 1649 1046 1713 universae
1066 1647 1178 1711 carnis
1201 1655 1255 1711 cst
1277 1649 1330 1710 in-

227 1765 387 1826 gressus3
412 1749 467 1811 oui
489 1749 655 1812 suecessit
676 1747 884 1829 Radulphus
910 1748 952 1811 de
971 1747 1124 1824 Nevilla,
1146 1747 1206 1829 qui
1225 1753 1330 1811 antea

227 1853 344 1909 custos
374 1853 409 1910 et
438 1847 578 1930 bajulus
607 1846 713 1929 sigilli
740 1848 825 1929 regii
856 1848 1051 1924 exstiterat,
1081 1847 1172 1928 regis
1200 1846 1328 1910 fidelis·

228 1945 334 2008 simus
363 1946 601 2024 cancellarius,
627 1965 770 2010 assensu
798 1947 906 2010 totius
927 1947 1036 2027 regni,
1055 1945 1174 2028 itaque
1197 1945 1329 2010 scilicet

228 2050 267 2106 ut
294 2063 363 2108 non
383 2045 611 2127 deponeretur
636 2047 680 2110 ab
704 2046 779 2130 ejus
799 2045 904 2127 sigilli
931 2044 1089 2110 custodia
1120 2045 1188 2109 nisi
1220 2045 1328 2108 totius

226 2145 325 2228 regni
354 2144 534 2210 ordinante
556 2165 727 2209 consensu
750 2151 785 2208 et
817 2145 973 2222 consilio,
997 2147 1058 2226 qui
1086 2151 1167 2226 post
1193 2163 1330 2225 suscep-

227 2248 300 2305 tum
320 2244 543 2325 praesulatum
563 2245 691 2309 mansit
708 2244 944 2308 cancellarius.
995 2243 1135 2308 Electus
1153 2241 1221 2306 fuit
1236 2243 1330 2306 circa

226 2341 351 2405 festum
377 2343 539 2407 Omnium
568 2344 785 2420 Sanctorum,
816 2341 876 2406 sed
903 2343 1061 2425 sequenti
1088 2361 1178 2406 anno
1204 2342 1330 2406 confir-

228 2448 355 2506 matus
417 2441 521 2507 Anno
555 2463 692 2526 quoque
724 2444 801 2525 ipso
831 2441 918 2506 obiit
945 2442 1143 2507 willelmus
1175 2441 1217 2505 de
1251 2441 1331 2523 Ely,

228 2540 367 2623 Angliae
394 2542 639 2606 thesaurarius.
692 2541 822 2606 Eodem
849 2560 940 2605 anno
969 2541 1091 2605 sedata
1121 2547 1174 2604 est
1197 2547 1331 2604 contro

228 2642 343 2705 versia
373 2643 464 2705 inter
497 2642 735 2718 Eustachium,
765 2642 965 2724 episcopum
1000 2639 1265 2716 Londinensem,
1296 2646 1332 2703 et

229 2741 419 2823 capitulum
439 2743 550 2806 sancti
575 2740 675 2806 Pauli
704 2761 748 2804 ex
775 2761 857 2818 una,
881 2747 917 2804 et
935 2738 1149 2805 willelmum
1173 2740 1334 2802 abbatem

230 2846 265 2902 et
281 2849 489 2910 ¹conventum
507 2840 914 2905 westmonasteriensem
936 2858 982 2902 ex
1005 2839 1116 2903 altera
1137 2845 1249 2921 parte,
1271 2859 1333 2921 per

230 2937 455 3020 Stephanum,
489 2940 773 3005 Cantuariensem
803 2939 1111 3020 archiepiscopum,
1141 2937 1181 3000 P.
1196 2937 1334 3001 winto-

231 3038 397 3115 niensem,
421 3039 465 3102 R.
492 3038 791 3114 sarisberiensem,
816 3039 1008 3120 episcopua,
1036 3045 1071 3102 et
1096 3036 1266 3100 Thomam
1291 3037 1334 3100 de

232 3137 416 3201 Meretona
445 3145 480 3202 et
513 3139 727 3202 Richardum
767 3136 810 3200 de
854 3136 1081 3218 Dunestaple,
1113 3136 1258 3218 priores,
1296 3135 1333 3198 iu

230 3255 318 3319 quos
352 3238 462 3301 ambae
491 3245 609 3320 partes
640 3245 807 3320 tanquam
836 3236 984 3299 arbitros
1012 3242 1047 3299 et
1073 3234 1169 3317 pacis
1195 3233 1334 3297 ordina-

231 3343 324 3400 tores
357 3343 625 3417 consenserunt3
662 3337 721 3419 qui
752 3335 999 3399 monasterium
1031 3332 1332 3398 westmonasterii

231 3436 274 3499 ab
299 3435 727 3526 omnimodansubjectione
748 3442 784 3498 et
802 3433 1043 3518 jurisdictione
1065 3433 1217 3515 episcopi
1244 3430 1334 3496 Lon·

233 3535 385 3598 dinensis
418 3537 556 3616 penitus
592 3543 790 3618 exemptum
825 3533 1098 3609 declaraverunt,
1133 3539 1169 3596 et
1201 3531 1335 3596 ordina·

232 3640 357 3697 verunt
385 3634 478 3716 quod
511 3635 655 3698 ecclesia
688 3635 730 3698 de
758 3633 882 3697 Stanes
910 3652 989 3697 curn
1018 3631 1234 3715 pertinentiis
1263 3631 1335 3695 suis

232 3733 268 3795 in
305 3752 389 3796 usus
430 3735 588 3816 proprios
627 3733 782 3798 ecclesiae
817 3731 1200 3797 westmonasteriensis
1242 3750 1336 3794 coru·
1369 3723 1374 3732 ’

233 3840 436 3908 mutaretur,
467 3840 502 3896 et
526 3834 716 3897 manerium
745 3833 788 3896 de
820 3832 1012 3895 Sumnebus
1040 3832 1077 3894 in
1107 3829 1337 3912 proprietates

233 3932 385 4013 episcopi
425 3932 689 4010 Londoniensis‚
732 3940 768 3996 et
807 3931 953 3996 ecclesia
994 3928 1148 4013 ejusdem
1193 3929 1337 3992 manerii

234 4029 334 4094 cedat
362 4032 398 4094 in
427 4050 510 4095 usus
540 4033 698 4118 proprios
728 4031 883 4096 ecclesiae
917 4029 1030 4094 sancti
1064 4028 1167 4093 Pauli
1196 4028 1233 4093 in
1261 4047 1339 4110 per·

233 4138 387 4211 petuum.
