3150 4992
250 450 314 514 loo
622 466 821 516 unccionns
847 467 979 513 vanis.

300 658 448 732 granato
467 651 559 732 quod
577 649 714 732 diligas,
735 651 771 713 in
789 651 921 732 topatio
943 649 1035 732 quod
1058 668 1235 726 exerceas,
1253 659 1293 714 ut
1310 650 1353 714 de

301 752 430 816 virtute
447 751 483 814 in
494 751 658 815 virtutem
673 750 852 827 ascendas,
868 749 977 813 donec
992 751 1181 813 Dominum
1200 750 1354 814 Deorum

300 851 419 915 videas
434 851 470 914 in
487 851 592 914 Sion’
627 849 716 914 Haec
733 858 850 914 autem
867 869 945 913 cum
962 849 1005 912 ed
1023 849 1115 930 regis
1133 852 1352 931 praesentiam

300 951 550 1033 pervenissent,
573 950 684 1032 primo
707 956 886 1032 gratanter
913 950 945 1013 ei
967 950 1262 1031 complacuerunt,
1290 949 1351 1014 sed

301 1059 382 1132 post
399 1070 468 1114 non
484 1050 700 1114 multosdies
722 1051 970 1132 subsequentes
996 1069 1117 1112 aurum
1141 1050 1294 1112 obrizum
1316 1050 1352 1113 in

301 1151 448 1215 scoriam
473 1158 508 1214 et
533 1149 694 1226 derisum,
716 1168 861 1230 gemmae
876 1151 913 1212 in
930 1149 1091 1230 gemitus,
1107 1168 1204 1212 amor
1219 1150 1256 1212 in
1273 1169 1354 1212 ran-

301 1270 427 1328 corem,
450 1250 541 1314 sicut
564 1269 712 1332 sequens
738 1269 851 1312 sermo
875 1250 1076 1324 declarabit,
1094 1257 1175 1312 sunt
1193 1249 1353 1313 flebiliter

302 1358 526 1428 commutata,
540 1357 580 1412 ut
596 1370 641 1413 ex
656 1350 880 1432 sequentibus
895 1350 1102 1414 constiterit.

262 1491 319 1527 Ple.
343 1491 395 1526 ΗΝ.

253 1556 327 1630 215,
345 1555 396 1629 13,
406 1552 515 1637 podia
533 1552 604 1616 idus
651 1551 767 1615 dmcct.

418 1651 505 1715 Jalii

254 1775 327 1853 217,
367 1781 398 1850 5,
410 1785 560 1861 practura
651 1780 802 1855 portare.

254 1904 327 1978 219,
345 1903 399 1978 33,
416 1901 530 1964 dmimo
653 1895 797 1960 decimo.
850 1896 952 1961 Circa
985 1895 1058 1959 dies
1096 1895 1183 1958 istos
1224 1894 1355 1970 Simon,

675 1995 901 2060 cicestrensis
926 1996 1120 2078 episcopus
1142 1993 1246 2072 obiit3
1271 2013 1354 2057 con·

675 2095 805 2160 liscatis
823 2097 981 2160 omnibus
995 2096 1095 2158 bonis
1109 2094 1354 2156 monachorum

677 2194 980 2259 Cantuariensium
1023 2194 1077 2258 die
1117 2194 1354 2257 translationis

675 2297 787 2358 sancti
821 2295 1003 2359 Switbuni.
1062 2293 1241 2357 Galfridus
1272 2313 1354 2356 vero

676 2395 954 2477 archiepiscopus
988 2395 1216 2458 Eboracensis
1244 2399 1356 2456 traus-

675 2494 765 2574 fugit
782 2495 871 2557 clam
897 2496 1017 2558 nolens
1036 2494 1230 2557 consentire
1250 2511 1338 2555 exac

677 2594 763 2656 tioni
780 2593 893 2656 tertiae
913 2594 1065 2656 decimae.
1117 2593 1178 2656 Sol
1201 2592 1354 2674 eclipsim

675 2712 800 2775 pessus
817 2700 870 2755 est
885 2695 929 2755 ab
946 2693 1033 2756 bora
1054 2701 1156 2755 sexta
1179 2711 1287 2774 usque
1311 2691 1355 2754 ad

676 2812 815 2868 nonam,
850 2812 981 2857 necnon
1003 2793 1088 2856 luna
1111 2791 1230 2855 eodem
1253 2790 1355 2854 modo

675 2892 844 2957 similiter.

253 3060 304 3073 -—
349 3025 401 3100 36,
417 3023 572 3086 Hcorc'cus
653 3017 745 3080 addit
761 3017 884 3094 Paris,
904 3017 1005 3080 litera
1030 3016 1239 3080 Dominiceli
1265 3015 1356 3079 exis-

675 3125 771 3182 tente
797 3116 854 3193 G,
879 3117 963 3180 luna
983 3135 1064 3180 vero
1092 3115 1273 3179 undecima
1300 3114 1354 3177 die

674 3219 775 3281 lunae.

255 3349 329 3423 222,
369 3349 400 3422 1,
416 3347 479 3410 siue
653 3342 768 3406 dsunt.

423 3444 549 3529 Acyllae

255 3572 328 3646 224,
368 3568 398 3646 7,
410 3569 463 3632 abt
473 3570 605 3652 cerenici
654 3564 771 3628 desunt.

411 3677 580 3752 potuerunt

254 3797 330 3868 225,
369 3796 399 3870 3,
415 3793 572 3877 culpantes,
654 3783 844 3865 exigentes,
863 3784 1066 3866 repagulum
1084 3783 1290 3848 conditionis
1305 3785 1355 3846 in-

416 3892 566 3956 Matildis
676 3891 857 3961 venerunt,
871 3882 1028 3947 Matildis
1044 3883 1146 3948 enim.

252 4058 302 4069 -
347 4018 399 4094 28,
414 4016 551 4100 cumensi
652 4007 745 4071 addit
760 4008 888 4086 Paris,
906 4008 1036 4071 Eodem
1063 4027 1154 4071 anno
1172 4007 1356 4089 Philippus

674 4109 747 4171 dux
774 4108 925 4183 Suaviee,
950 4108 1010 4188 qui
1039 4114 1160 4171 contra
1183 4107 1354 4170 Othonem

674 4207 716 4271 de
733 4208 878 4290 imperio
894 4207 1136 4284 contendebat,
1155 4205 1331 4271 occiditur.
