3150 4992
615 444 817 492 nncrronss
840 446 969 502 vantra
1275 431 1340 494 199

288 620 495 698 lustrabant,
523 641 641 684 omnes
669 623 877 704 spoliabant,
908 622 959 686 ita
988 622 1124 705 quidem
1154 623 1246 705 quod
1276 643 1338 686 nec

289 721 446 783 muliebri
465 721 564 786 sexui
585 741 648 785 neo
670 722 894 802 parvulorum
909 723 965 786 vel
985 721 1235 804 decrepitorum
1259 742 1339 804 par·

290 828 405 883 serent
422 821 529 884 aetati.
569 821 614 884 Et
628 820 719 904 quod
735 841 936 885 consumere
952 842 1020 885 non
1037 821 1208 897 valebant,
1223 823 1339 885 incen-

289 919 345 983 dio
365 920 559 996 tradebant,
576 921 630 984 vel
648 921 885 1002 dispergentes
904 921 1025 985 inutile
1045 921 1203 984 humanis
1221 922 1339 985 usibus

291 1019 488 1084 reddebant.
541 1019 587 1083 Et
617 1039 704 1102 quos
731 1021 827 1084 nulla
858 1028 942 1084 nota
970 1021 1158 1103 premebat,
1182 1021 1338 1085 inimicos

290 1119 382 1199 regis
408 1127 585 1196 vocantes
614 1121 808 1202 ubicunque
832 1122 1102 1202 reperiebantur,
1120 1121 1248 1203 raptim
1269 1129 1339 1184 tra·

292 1217 462 1282 bebantur
476 1219 512 1281 in
530 1238 699 1284 carcerem
718 1220 904 1301 poenalem,
920 1220 1068 1284 vinculis
1083 1220 1282 1301 mancipati,
1304 1229 1339 1284 et

292 1318 430 1382 tandem
448 1319 491 1382 ad
508 1319 747 1400 gravissimam
765 1321 876 1382 coacti
892 1318 1171 1400 redemptionem.
1223 1319 1341 1382 Sacer-

293 1417 390 1481 dotes
413 1437 549 1501 quoquo
571 1419 656 1500 ipsis
679 1418 846 1482 altaribus
869 1425 1036 1495 astantes,
1054 1419 1191 1499 signum
1208 1426 1339 1481 sanctae
1376 1449 1390 1499 j

294 1519 405 1582 crucis
421 1519 580 1581 manibus
597 1518 804 1602 bajulantes
823 1519 879 1582 vel
896 1519 1009 1600 ipsum
1025 1518 1246 1581 Dominicum
1264 1537 1340 1581 cor·

293 1636 358 1698 pus
381 1624 583 1693 tractantes,
607 1618 714 1680 sacris
738 1619 951 1682 vestimentis
977 1618 1203 1693 venerabiles
1225 1617 1340 1681 altari-

294 1716 356 1778 bus
381 1724 536 1782 astantes
568 1717 733 1798 religione
758 1717 947 1792 deferendi,
973 1717 1199 1780 irreverenter
1227 1717 1340 1799 capie-

293 1816 429 1887 bantur.

243 1956 318 2094 llll,
336 1956 533 2103 {haector
558 2017 562 2024 '
640 2019 836 2084 secretiora.

244 2143 315 2217 352,
352 2143 383 2218 l,
398 2141 517 2205 nomina
641 2142 849 2208 charactere.

243 2302 294 2311 -
360 2269 391 2341 3,
405 2266 591 2351 conculcta..
642 2269 706 2332 sub
724 2267 836 2350 glacie
847 2276 964 2332 assata
979 2286 1123 2350 corpora
1136 2275 1342 2349 mergentes

409 2365 556 2450 compota
665 2374 703 2431 ut
721 2369 821 2451 quasi
842 2366 1065 2431 infernalibus
1087 2367 1200 2447 poenis
1218 2367 1342 2430 transi-

410 2474 484 2528 rrurt
665 2475 742 2531 rent
775 2467 818 2530 de
854 2467 968 2530 calore
1008 2467 1113 2529 nimio
1152 2466 1196 2528 ad
1231 2467 1341 2547 frigus

665 2567 809 2643 nivium,
849 2568 982 2630 animas
1012 2565 1065 2628 vel
1096 2565 1261 2628 exhalare
1289 2565 1343 2628 vel

665 2666 725 2729 vix
746 2666 880 2729 trabere
897 2665 1148 2746 compulerunt.
1235 2741 1239 2744 ῃ

358 2788 388 2862 5,
404 2785 590 2850 miserabili·
643 2781 882 2844 miserabiliter
900 2781 1091 2844 constituti.

410 2895 456 2950 ter

358 3007 390 3084 7,
405 3011 592 3084 miseriora
642 3020 710 3063 non
727 3008 812 3064 erat.

399 3109 471 3194 suit
971 3196 973 3199 Ι

358 3234 389 3307 9,
405 3230 590 3316 oppetam„
642 3201 746 3301 quam
772 3238 841 3282 non
868 3218 1040 3283 habebant
1060 3219 1244 3301 patientes
1270 3218 1344 3280 exi-

401 3330 593 3394 oomoltssem
665 3320 805 3400 gebant,
821 3337 883 3381 nec
898 3317 1101 3381 credebatur
1114 3317 1262 3381 afflictis.

339 3457 389 3530 18,
404 3453 572 3539 afflantur
643 3443 848 3523 agebantur,
864 3461 926 3504 nec
948 3450 1063 3504 tamen
1082 3441 1147 3505 boc
1166 3440 1241 3503 sine
1258 3440 1345 3502 mul-

666 3542 710 3604 tis
727 3541 1054 3623 perturbationibus.

243 3719 294 3728 -
336 3713 381 3724 -
402 3697 594 3741 nemausus
643 3665 760 3728 destini.

409 3785 477 3840 orat

228 3883 294 3946 ⁵-
339 3902 392 3976 21,
408 3900 443 3963 ia
460 3899 518 3962 oili
646 3889 880 3954 Londinenses
909 3887 1089 3950 mulierum
1119 3905 1213 3948 more
1245 3903 1345 3965 puer·

403 3998 586 4083 parturian-
666 4008 825 4071 perarum
843 3989 878 4050 in
893 3985 1073 4068 puerperio
1085 3984 1287 4068 jacentium.

412 4099 490 4161 tium

243 4264 294 4274 -
340 4225 391 4299 23,
408 4223 565 4286 tactuum
646 4211 822 4276 insolitum
839 4210 930 4289 gulae
948 4207 1209 4270 irritamentum.
