3150 4992
609 474 809 523 unarronas
833 476 967 527 vanna
1272 465 1338 535 311

244 595 301 630 PAG.
326 594 378 631 1111.

233 657 308 733 318,
328 658 381 731 13,
389 659 583 744 faeeroopar
631 659 713 724 inde
724 662 917 727 consultius
935 663 1025 729 soret
1041 665 1246 732 faciendum.

229 761 234 776 '
398 766 470 821 estet

229 908 283 924 -
326 879 378 955 28,
392 877 540 944 diabolici
631 880 719 944 113331.

229 1026 282 1053 ·-
326 1003 378 1077 30,
397 1009 492 1065 totam
631 1009 741 1067 totam
758 1005 985 1089 adjacentem.
1049 1088 1052 1093 .

232 1127 308 1200 319,
349 1127 380 1202 4,
397 1134 583 1192 aaa..0aa
630 1127 666 1190 in
685 1127 834 1206 ovicula,
852 1132 977 1212 anguis
994 1131 1128 1196 lateret.

228 1287 281 1344 5-
325 1248 379 1324 26,
398 1270 484 1333 qaam
502 1295 511 1316 .
526 1297 579 1312 ...
631 1270 707 1315 eum
726 1272 828 1334 quem
845 1254 956 1320 ditavi
968 1257 1148 1321 inveniens
1160 1257 1196 1320 in
1206 1273 1334 1338 magna

377 1357 583 1434 pauperata
652 1358 820 1433 egestate.

229 1510 280 1523 -
324 1472 377 1547 32,
395 1470 480 1535 mmo
499 1519 508 1537 .
527 1519 580 1534 ...
629 1473 762 1538 scilicet
778 1474 881 1539 homo
898 1476 1026 1543 diaboli
1040 1484 1141 1542 esset.

397 1591 537 1635 aceruus

228 1726 280 1738 -
324 1694 378 1767 36,
397 1692 514 1759 locatur
526 1705 570 1760 eat
629 1714 721 1760 nnnc
736 1704 790 1759 est
807 1695 1061 1761 confabulatus.

231 1816 306 1892 320,
326 1817 577 1894 1211113313...
629 1821 674 1884 ad
692 1822 904 1886 audientium
923 1822 1198 1899 aedificationem,
1216 1842 1260 1885 ne
1277 1841 1331 1885 res

392 1915 516 1981 verbam
650 1928 723 1984 tam
749 1921 980 1985 memorabilis
1003 1921 1135 1985 dierum
1158 1928 1332 1986 vetustate

650 2021 694 2083 ab
708 2019 861 2083 humana
876 2021 1041 2085 memoria
1057 2021 1224 2085 deleatur.

228 2178 279 2191 -
323 2139 578 2213 13313313...
628 2143 867 2224 gravissimus,

394 2238 500 2304 diebus
514 2243 580 2307 suia

228 2362 302 2438 321,
320 2364 372 2440 22,
390 2363 527 2431 demersa
627 2365 846 2430 comminuta.

225 2531 278 2544 —
320 2488 577 2570 2371313311..
629 2487 686 2563 Et,
707 2488 800 2570 quod
825 2487 1051 2551 admiratione
1075 2486 1217 2569 dignum
1242 2493 1330 2566 erat,

393 2589 557 2657 eredeban-
651 2607 714 2650 nec
743 2587 852 2670 porci,
883 2606 946 2650 nee
975 2605 1070 2663 3133,
1096 2605 1158 2650 1133
1188 2586 1329 2667 aliquod

394 2696 449 2752 tur
650 2705 761 2767 genus
785 2686 957 2762 animalis,
983 2686 1097 2767 spicas
1128 2685 1184 2749 vel
1207 2704 1329 2770 grana,

650 2785 732 2849 licet
752 2793 891 2849 matura
919 2791 1046 2861 essent,
1067 2785 1252 2849 voluerunt
1271 2805 1328 2849 ur·

650 2890 754 2965 gente
782 2891 898 2947 tamen
924 2883 1015 2947 fame
1043 2891 1196 2966 gustare.
1249 2883 1329 2949 Visi

650 2988 733 3045 sunt
754 2990 870 3045 antem
895 2983 932 3044 in
955 3001 1045 3058 aere,
1066 2983 1248 3062 ingruente
1270 3003 1328 3046 ea·

649 3081 726 3144 dem
742 3087 959 3164 tempestate,
977 3080 1091 3161 angeli
1113 3080 1276 3144 Sathanae
1291 3082 1328 3144 in

648 3180 788 3252 modum
812 3180 988 3260 nigrorum
1017 3184 1212 3260 satyrorum
1241 3179 1329 3244 voli·

647 3286 775 3357 tantes,
793 3285 829 3342 et
844 3297 1019 3361 peragras
1037 3277 1256 3354 cursitantes,
1268 3279 1328 3360 qui

646 3397 757 3442 aereae
774 3384 966 3460 potestates
979 3376 1228 3456 credebantur3
1253 3379 1328 3459 qui-

646 3479 712 3541 bus
742 3496 941 3541 concessum
971 3482 1072 3540 terrae
1101 3482 1137 3538 et
1158 3475 1327 3541 fructibus

644 3595 768 3640 nocere
783 3577 909 3654 fuerat,
926 3594 1040 3639 aerem
1058 3575 1311 3657 perturbantes.

224 3745 276 3758 -
319 3711 372 3788 26,
390 3708 501 3774 aliana
621 3699 709 3764 deest.

227 3837 301 3915 322,
342 3837 374 3911 6,
391 3834 575 3899 sedeam„
624 3824 798 3907 praecipue
817 3823 853 3886 in
876 3841 994 3886 mense
1017 3821 1125 3898 lulio,
1148 3821 1238 3886 circa
1257 3821 1326 3885 fes·

392 3932 498 3998 ollam
647 3929 721 3985 tum
748 3921 784 3988 S.
810 3921 934 3984 Mariae
964 3920 1199 4000 Magdalenae,
1225 3927 1326 3984 tanta

647 4021 842 4104 pluviarum
858 4019 1010 4083 irruebat
1026 4018 1219 4095 inundatio,
1231 4018 1325 4102 quod

646 4120 817 4184 soenorum
835 4118 963 4183 cumuli
978 4135 1096 4182 omnes
1113 4138 1189 4183 cum
1212 4119 1325 4201 ponti-

647 4220 711 4283 bus
725 4218 851 4302 ligneis
868 4217 1052 4301 perierunt.
1366 4220 1368 4224 ‘
