3150 4992
579 457 779 506 Lectiones
805 461 937 509 VARIAE.

217 577 275 614 Pto.
301 578 354 614 itu.

207 641 281 716 118,
300 641 351 716 19,
369 640 509 704 accedere
607 642 700 710 deest.

206 763 283 837 149,
321 763 491 849 9,οῐ0000
607 769 749 833 eminus.

203 927 256 939 -
301 889 354 961 23,
370 889 556 974 0010110111..
606 891 723 956 0100001.

353 989 439 1073 penti
450 997 560 1052 nostre

203 1149 256 1161 —
302 1112 353 1187 30,
369 1111 519 1176 militibus
608 1111 794 1192 equitibus.

207 1236 281 1310 150,
321 1237 350 1311 3,
366 1244 394 1298 01
408 1235 539 1321 suetique
607 1235 725 1300 01001001.

205 1397 258 1409 -
324 1359 354 1434 d,
373 1359 409 1421 in
430 1380 477 1422 000
496 1407 503 1423 .
522 1407 530 1424 .
549 1408 556 1421 .
607 1380 748 1426 menon
767 1364 910 1446 erigam.

369 1459 475 1542 eripui·

205 1621 256 1632 —
302 1582 353 1658 26,
368 1581 459 1645 duait
607 1584 688 1647 dux.

206 1749 257 1758 -
302 1704 558 1783 27,001...101-
607 1708 641 1771 10
661 1711 896 1794 ...triumphi
914 1714 1040 1794 posuit.

372 1807 479 1891 00011

209 1930 282 2004 151,
324 1930 353 2005 6,
369 1926 560 1992 0100110500-
606 1926 686 1990 duci
704 1927 872 1992 Roberto.

372 2037 420 2092 100

207 2193 258 2202 -
324 2155 356 2227 8,
373 2153 501 2233 00100000
606 2147 735 2212 offenso
825 2148 913 2212 Deo.

374 2253 459 2315 Deus

208 2416 258 2426 -
312 2377 501 2451 ’9,00010111
607 2372 786 2438 accidisse.

12 2515 16 2592 l
208 2543 258 2552 -
304 2503 356 2578 23,
371 2502 489 2565 meritis
607 2497 735 2560 multia.

169 2677 171 2683 .
208 2666 259 2677 -
304 2625 356 2702 25,
365 2626 515 2709 pristinis
606 2620 696 2684 010001.

210 2748 287 2822 152,
326 2748 560 2832 istique...
608 2745 667 2808 ubi
700 2743 815 2827 Joppe
853 2747 1018 2829 oppidum
1050 2751 1154 2814 situm
1193 2760 1258 2830 est,
1291 2773 1314 2817 a

375 2847 523 2932 0001010000
630 2864 711 2926 quo.

207 3012 258 3023 —
303 2973 355 3048 25,
369 2971 551 3035 ,1001000000
608 2978 816 3033 sauotorum.

207 3134 258 3146 -
303 3097 356 3170 31,
372 3095 432 3159 llaeo
447 3094 520 3159 oiim
610 3112 688 3177 quae
704 3092 796 3156 olim.

212 3220 284 3296 153,
302 3221 353 3296 20,
372 3228 515 3305 reponatis
609 3215 698 3280 deest.

211 3481 238 3525 et
252 3477 344 3524 iterum
362 3479 420 3537 post
434 3481 596 3526 memoratam
610 3475 751 3536 victoriam,
775 3478 815 3523 est
835 3474 861 3522 iu
879 3475 1025 3536 superbiam
1044 3477 1159 3536 eoquod
1182 3477 1209 3525 in
1227 3479 1314 3529 multis

212 3561 318 3608 reguum
343 3546 436 3594 obtulit
462 3551 550 3608 sponte
569 3560 601 3594 00
623 3549 751 3606 gratanter
774 3545 905 3605 perieulis,
915 3549 944 3593 ut
955 3546 1105 3606 pradictum
1116 3552 1226 3607 est,tam
1239 3550 1314 3610 glori-

212 3617 333 3677 Roberto,
349 3630 465 3665 assereus
475 3617 559 3678 ipsum
573 3615 711 3664 Robsrtum
724 3629 751 3663 00
775 3629 818 3662 000
833 3615 1010 3678 triumpharat,
1025 3621 1146 3677 reputans
1161 3632 1247 3667 omnes
1262 3620 1316 3668 An·

213 3686 353 3748 digniorem
365 3700 394 3735 00
404 3687 603 3747 praestantiorem
614 3699 645 3734 ne
654 3685 711 3732 Deo
723 3689 752 3732 ut
776 3685 832 3744 glos
850 3685 998 3733 strenuitate
1016 3690 1041 3734 01
1058 3687 1156 3736 viribus
1173 3688 1313 3740 inferiores.

213 3757 331 3805 credebat
343 3757 572 3816 acceptabiliorem.
607 3754 658 3802 Sed
667 3754 751 3804 adhue
775 3754 827 3802 Sed
843 3755 916 3803 Deus
934 3755 1058 3803 ultionum
1077 3757 1203 3806 Dominus
1222 3759 1314 3817 quide

213 3827 268 3874 dux
297 3826 422 3874 Robsrtus
446 3827 533 3875 oblata
559 3823 679 3874 refutavit
706 3824 751 3871 im·
777 3839 804 3872 00
815 3827 997 3885 praesumentes
1009 3826 1114 3874 conterit
1125 3841 1211 3876 omnes
1226 3834 1315 3889 postea

214 3896 339 3957 pudenter
350 3895 449 3944 inhians
460 3911 537 3958 reguo
546 3895 658 3955 Angliae,
666 3894 692 3941 in
701 3909 752 3954 quo
777 3899 849 3942 00100
863 3909 923 3943 0000
934 3895 1032 3954 merito,
1043 3896 1106 3956 proh
1121 3896 1205 3945 dolori
1229 3912 1315 3959 repro·

214 3980 241 4014 00
261 3965 379 4014 credebat
397 3965 512 4014 desidem
531 3971 558 4014 et
576 3965 751 4012 illecebrosum
777 3957 863 4013 bavit?
899 3964 925 4012 11
942 3964 965 4013 10
978 3965 1088 4014 inserted
1108 3970 1136 4013 at
1148 3981 1165 4014 a
1177 3969 1317 4017 eomewhat

215 4035 327 4096 quietius
338 4041 510 4098 regnaturum.
537 4034 678 4085 Jaotitabat
686 4034 751 4082 euim
776 4033 841 4082 later
854 4031 942 4094 period
955 4032 984 4082 01
995 4033 1038 4082 11ιο
1051 4035 1157 4096 history,
1172 4039 1316 4100 auswering

213 4107 297 4168 majus
308 4107 354 4168 jus
368 4105 462 4154 habere
478 4106 504 4153 iu
522 4117 600 4166 regno
616 4103 660 4151 illo
676 4102 752 4151 fratre
776 4107 803 4151 to
824 4117 850 4163 p.
863 4107 909 4151 151
928 4103 958 4152 01
973 4118 1021 4152 our
1039 4109 1101 4154 text.
1137 4105 1218 4155 There
1238 4107 1261 4156 is
1283 4123 1315 4156 no

213 4190 260 4224 suo
276 4175 318 4225 W.
330 4175 374 4235 qui
389 4175 455 4224 illud
471 4180 571 4224 exsorte
587 4173 753 4235 primogenito
777 4173 887 4221 allusion
899 4180 924 4222 to
936 4173 993 4221 itin
1005 4173 1047 4222 the
1060 4173 1192 4224 oddo.
1206 4177 1263 4226 MS.

152 4283 155 4290 .
214 4246 307 4306 injuste
319 4253 495 4306 occupaverat.
531 4245 640 4305 Insuper
654 4247 752 4291 erectus

1144 4335 1164 4380 a:
