3150 4992
274 445 341 512 322
644 463 842 512 nncr1ouns
865 463 997 512 varum

326 644 424 727 legit,
437 645 475 708 in
491 644 676 728 praesentia
690 645 843 727 episcopi
865 652 902 709 et
917 645 1093 709 audientia
1113 652 1315 720 conventus,
1337 653 1372 710 et

327 746 435 808 totius
449 744 568 826 populi
583 751 619 807 et
634 744 728 819 cleri,
746 744 812 807 sub
827 744 893 807 bac
909 743 1042 822 forma;
1066 744 1165 825 ‘Ego
1182 743 1206 807 J
1209 744 1373 820 ohannes,

327 845 435 907 abbas
451 842 652 906 monasterii
666 842 777 905 sancti
792 841 933 919 Albani,
955 845 999 905 ab
1021 842 1085 905 hac
1108 842 1194 905 bora
1217 843 1373 906 inantea

326 941 437 1005 fidelis
454 949 490 1005 et
505 942 668 1005 obediens
687 961 746 1004 ero
763 948 884 1004 sancto
899 940 1005 1005 Petro
1023 949 1221 1023 sanctaeque
1236 947 1376 1022 aposto-

324 1039 401 1103 licae
427 1039 595 1120 Romanae
611 1040 776 1116 ecclesiae,
791 1039 978 1106 etdomino
995 1059 1072 1103 meo
1086 1059 1186 1122 papae
1202 1038 1373 1120 Gregorio

326 1137 469 1221 ejusque
488 1139 745 1202 successoribus
763 1139 928 1201 canonice
942 1139 1164 1203 intrantibus.
1217 1137 1300 1200 Non
1315 1157 1374 1201 ero

323 1236 360 1299 in
374 1237 520 1301 consilio
535 1245 599 1301 aut
615 1256 783 1302 consensu
802 1237 857 1300 vel
875 1238 911 1299 in
927 1237 1019 1301 facto
1041 1244 1080 1300 ut
1095 1237 1203 1301 vitam
1228 1236 1373 1318 perdant

325 1344 387 1399 aut
415 1338 616 1413 membrum,
644 1343 704 1399 aut
732 1337 914 1419 capiantur
943 1336 1034 1400 mala
1059 1337 1230 1418 captione.
1285 1334 1373 1399 Con-

325 1434 439 1499 silium
463 1455 557 1513 vero,
579 1435 672 1518 quod
694 1435 777 1498 mihi
800 1434 964 1497 credituri
986 1441 1066 1498 suut
1083 1454 1145 1516 per
1170 1453 1209 1499 se
1235 1441 1298 1498 aut
1313 1454 1373 1516 per

325 1534 464 1597 nuntios
484 1553 566 1597 suos
583 1535 656 1598 sive
676 1553 737 1616 per
754 1534 885 1610 literas,
908 1534 952 1597 ad
976 1553 1094 1597 eorum
1120 1532 1294 1609 damnum,
1318 1553 1372 1597 me

324 1631 465 1708 sciente,
482 1633 609 1695 nemini
631 1632 791 1713 pandam.
845 1631 1019 1712 Papatum
1042 1631 1238 1696 Romanum
1261 1637 1296 1699 et
1321 1652 1371 1696 re-

324 1730 420 1810 galia
436 1732 549 1794 sancti
561 1730 658 1793 Petri
674 1730 814 1813 adjutor
828 1731 877 1793 eis
896 1751 954 1794 ero
972 1731 1016 1794 ad
1033 1731 1248 1795 retinendum
1261 1737 1297 1795 et
1314 1730 1371 1794 de·

323 1827 541 1905 tendendum,
553 1829 652 1892 salvo
664 1829 782 1892 ordine
798 1848 888 1905 meo,
903 1837 1025 1892 contra
1038 1849 1172 1893 ornnem
1188 1829 1366 1896 bominem.

323 1926 494 2009 Legatum
513 1927 711 2009 apostolicae
729 1927 821 1991 sedis
836 1928 872 1990 in
893 1928 1005 1991 eundo
1023 1935 1058 1992 et
1073 1928 1248 1992 redeundo
1263 1928 1370 1991 hono·
1412 1915 1415 1920 ’

323 2025 417 2090 rifice
449 2028 619 2102 tractabo,
649 2033 684 2089 et
714 2027 751 2089 iu
783 2025 855 2089 suis
888 2027 1150 2091 necessitatibus
1182 2027 1370 2110 adjuvabo.

322 2123 480 2189 Vocatus
497 2125 540 2188 ad
566 2124 747 2208 synodum,
768 2126 918 2201 veniam,
946 2126 1012 2189 nisi
1038 2126 1248 2208 praepeditus
1274 2125 1369 2189 fuero

319 2224 488 2287 canonica
503 2223 760 2306 praepeditione.
813 2221 1060 2305 Apostolorum
1081 2224 1202 2287 limina
1224 2225 1369 2304 singulis

320 2321 476 2386 trienniis
493 2323 655 2397 visitabo,
670 2328 730 2384 aut
749 2341 810 2403 per
827 2341 881 2384 me
899 2330 960 2386 aut
982 2342 1044 2404 per
1068 2324 1225 2386 nuntium
1241 2342 1366 2399 meum,

322 2420 388 2484 nisi
405 2421 565 2485 absolvat
576 2420 769 2502 apostolica
784 2420 935 2485 licentia.
969 2420 1212 2484 Possessiones
1224 2440 1307 2485 vero
1325 2420 1371 2484 ad,

319 2521 564 2584 monasterium
594 2538 707 2582 meum
740 2525 939 2600 spectantes
971 2539 1038 2581 non
1071 2519 1228 2595 vendam,
1257 2539 1371 2602 neque

318 2616 468 2694 donabo,
490 2637 602 2700 neque
624 2617 864 2696 inpignorabo,
881 2636 991 2698 neque
1007 2618 1049 2680 de
1066 2637 1156 2681 novo
1173 2617 1369 2694 infeudabo,

319 2716 375 2778 vel
391 2715 508 2797 aliquo
525 2715 626 2778 modo
653 2714 824 2789 alienabo,
850 2714 1046 2778 inconsulto
1071 2715 1230 2779 Romano
1257 2717 1369 2797 ponti-

318 2812 391 2877 fice.
443 2813 500 2876 Sic
515 2833 569 2876 me
587 2812 684 2876 Deus
697 2811 853 2895 adjuvet,
870 2821 906 2876 et
920 2813 995 2877 baec
1011 2822 1133 2877 sancta
1150 2814 1354 2897 evangelia!

278 2954 335 2991 PAO.
358 2954 410 2991 uu.

266 3017 341 3092 332,
361 3018 414 3090 10,
432 3015 605 3100 Templorii
666 3012 849 3094 hospitalis
864 3014 1144 3078 Teutonicorum.

266 3141 342 3214 333,
360 3141 411 3214 23,
427 3141 530 3224 reptos
667 3137 780 3218 regias
798 3137 851 3201 vel
869 3138 1073 3219 imperiales.

265 3302 316 3314 -
360 3264 413 3337 25,
428 3283 508 3328 oure
666 3281 751 3326 auro
768 3260 883 3325 obrizo
899 3263 1008 3344 primo
1026 3269 1070 3325 et.

265 3418 316 3430 —
360 3379 411 3452 31,
427 3377 564 3441 (16666161
666 3386 702 3448 16
728 3383 864 3447 scriniis
892 3392 927 3447 et
947 3384 1095 3466 phaleris
1122 3393 1157 3449 et
1186 3385 1263 3449 aliis
1293 3407 1365 3450 mu·

429 3478 613 3541 ornetis...
686 3482 850 3545 liebribus
893 3483 1115 3559 ornamentis
1155 3503 1288 3547 necnon
1329 3486 1365 3548 in

429 3595 466 3636 ac
490 3585 615 3658 orpeato
687 3582 829 3662 copioso
861 3581 1023 3645 thesauro
1046 3583 1121 3648 auri
1154 3589 1190 3644 et
1219 3584 1365 3664 argenti,

421 3672 516 3753 saara
537 3694 602 3756 pa·
686 3685 721 3740 et
743 3680 852 3758 equiS,
878 3685 912 3742 et
938 3681 1112 3755 comitatu,
1138 3698 1216 3761 quae
1245 3682 1366 3744 oculos

430 3769 551 3835 rosim
686 3775 893 3840 intuentium
917 3797 1036 3859 rapere
1071 3778 1183 3841 solent
1214 3779 1250 3841 in
1284 3799 1367 3843 con·

451 3871 454 3875 ’
686 3875 945 3957 cupiscentiam,
997 3883 1036 3939 ut
1073 3877 1171 3959 quasi
1214 3878 1365 3959 impreti-

686 3974 792 4036 abilia
819 3973 1026 4050 viderentur,
1053 3994 1121 4038 non
1148 3981 1281 4038 tantum
1307 3996 1365 4039 co-

685 4073 795 4152 piose,
807 4070 866 4133 sed
882 4071 1179 4152 superaffluenter,
1189 4072 1366 4137 ditabatur

685 4170 729 4231 ab
745 4167 876 4250 Anglia
893 4181 1080 4234 recessura.
1132 4170 1231 4236 Vasa
1260 4173 1364 4251 etiam
