3150 4992
617 456 819 504 anemonas
844 458 977 506 varum
1282 442 1350 506 263

243 639 433 714 civitatem,
450 646 529 721 post
544 637 657 721 ipsum
674 639 861 702 noluerunt
876 657 1063 704 remanere.
1116 639 1346 722 Subsequenti

243 736 326 803 ‘vero
347 738 401 802 die
417 737 610 814 Dominica,
626 738 758 801 scilicet
777 757 847 820 qua
863 745 1025 803 cantatur
1040 743 1050 771 ‘
1065 737 1202 802 Laetare
1220 738 1347 802 Hieru-

244 837 376 914 salem,'
404 838 510 905 venit,
526 835 662 914 Achon,
688 845 723 900 et
747 837 782 900 in
808 837 885 920 ipsa
914 838 1055 901 civitate
1083 837 1251 920 populum
1281 837 1348 902 sibi

246 936 402 1000 alliciens
431 937 462 999 ei
489 936 663 1018 quandam
696 937 891 1001 libertatem
921 937 1103 1013 concessit,
1130 943 1171 1000 ut
1193 936 1346 1001 favorem

244 1037 354 1117 ipsius
387 1056 449 1117 per
481 1035 545 1099 hoc
577 1036 800 1099 mendicaret.
853 1033 1002 1118 Propter
1035 1035 1125 1118 quod
1158 1034 1230 1099 hoo
1254 1036 1347 1111 fecit,

245 1136 342 1198 novit
360 1134 469 1211 Deua,
494 1142 530 1198 et
544 1134 698 1218 ejusdem
719 1153 825 1216 opera
849 1135 1032 1217 sequentia
1056 1134 1347 1199 demonstrarunt.

246 1233 335 1298 Cum
367 1241 483 1297 autem
514 1235 714 1316 passagium
746 1235 901 1308 instaret,
935 1240 970 1298 et
994 1252 1113 1297 omues
1139 1235 1348 1299 unanimiter

245 1334 429 1415 peregrini,
458 1333 576 1415 pusilli
599 1353 677 1398 cum
704 1333 850 1414 magnis,
876 1333 1018 1397 visitato
1044 1331 1239 1415 sepulchro,
1264 1339 1347 1397 :tan-

209 1513 212 1520 Ι
245 1450 350 1515 quam
376 1433 652 1514 peregrinatione
677 1438 831 1514 peracta,
861 1439 1067 1514 pararentur
1095 1432 1139 1495 ad
1163 1451 1347 1510 recessum,

245 1551 324 1595 oum
353 1538 510 1612 treugam
542 1551 611 1595 non
640 1531 843 1595 haberemus
876 1550 954 1594 cum
985 1531 1136 1595 Saldano
1171 1531 1347 1609 Damasci,

244 1649 321 1707 nos,
343 1630 500 1694 videntes
520 1637 647 1695 terram
666 1631 742 1714 jam
764 1630 966 1694 destitutam
990 1637 1025 1694 et
1041 1648 1066 1693 a
1082 1631 1272 1712 peregrinis
1297 1651 1347 1694 re-

243 1729 375 1804 lictam,
408 1729 587 1793 consilium
612 1729 648 1791 in
680 1736 776 1793 arcto
806 1728 985 1792 constituti
1013 1729 1211 1805 inieramus
1238 1736 1278 1793 ut
1305 1729 1348 1794 de

244 1829 462 1911 eleemosyna
476 1830 543 1911 piae
560 1829 735 1892 memoriae
749 1829 842 1910 regis
861 1827 1018 1890 Franciae
1036 1828 1161 1891 milites
1179 1847 1242 1910 pro
1257 1848 1347 1893 com-

242 1928 341 1991 muni
367 1927 519 1992 utilitate
542 1929 778 1991 retineremus.
831 1926 934 2005 Quod
956 1945 1033 1990 cum
1052 1926 1187 1990 audiret
1202 1929 1347 2010 impera-

246 2034 313 2104 tor,
329 2026 539 2107 significavit
556 2027 653 2090 uobis
667 2047 705 2090 se
722 2045 826 2108 super
839 2025 904 2088 hoc
920 2025 1094 2102 admirari,
1112 2045 1189 2090 cum
1207 2034 1347 2108 treugas

245 2145 322 2189 oum
355 2125 507 2189 Soldano
540 2125 744 2208 Babyloniae
777 2124 1026 2188 confirmasset.
1079 2125 1348 2207 Respondimus,

244 2224 340 2307 quod
356 2225 468 2288 adbuc
486 2226 686 2289 remanebat
701 2224 830 2287 ferrum
844 2223 881 2286 in
896 2223 1049 2300 vulnere,
1068 2244 1113 2287 ex
1128 2242 1196 2306 quo
1215 2232 1348 2306 treugae

246 2324 302 2388 vel
331 2323 405 2407 pax'
429 2344 499 2387 non
526 2323 593 2388 fuit
620 2323 708 2387 inita
734 2343 813 2387 cum
839 2322 991 2387 Soldano
1021 2322 1199 2399 Damasci,
1226 2331 1348 2406 utpote

246 2423 401 2506 praedicti
427 2423 581 2500 Soldaui,
605 2425 641 2486 in
669 2423 734 2487 hoc
757 2423 789 2486 ei
812 2421 1109 2500 contradicentes3
1133 2422 1347 2505 adjicientes,

247 2524 349 2604 quod,
367 2523 478 2587 invito
503 2523 607 2586 etiam
630 2522 781 2586 Soldano
807 2522 1023 2604 Babyloniae,
1046 2541 1110 2585 nos
1128 2530 1248 2603 posset
1273 2523 1345 2587 Da-

247 2641 427 2687 mascenus
455 2623 557 2684 nimis
578 2621 805 2686 damnificari.
859 2621 1056 2703 Respondit
1083 2620 1271 2702 imperator
1296 2621 1349 2685 di-

247 2740 340 2798 cenS,
371 2721 463 2803 quod
488 2721 564 2804 ejus
590 2720 734 2785 consilio
758 2729 794 2785 et
816 2720 966 2797 licentia,
993 2720 1052 2803 qui
1081 2720 1156 2804 jam
1186 2739 1248 2784 rex
1279 2719 1346 2784 fuit

247 2820 599 2906 Hierosolymitanus,
617 2840 688 2884 non
711 2819 882 2884 debebant
899 2819 1024 2883 milites
1040 2819 1191 2901 guerrivi
1209 2820 1349 2884 retineri

244 2921 281 2983 in
305 2939 413 3002 regno
437 2939 512 2984 suo.
564 2919 622 2984 Ad
640 2919 732 3002 quod
757 2918 1008 3000 respondimus,
1032 2918 1125 3001 quod
1154 2918 1348 3001 suporhoc

248 3020 432 3101 plurimum
460 3019 671 3095 dolebamus,
694 3017 786 3100 quod
809 3017 851 3080 de
873 3016 927 3080 his
954 3023 989 3080 et
1003 3016 1238 3080 consimilibus
1263 3037 1345 3080 eon·

247 3119 361 3183 silium
392 3117 502 3201 ipsius
531 3117 834 3192 excommunicati,
859 3115 933 3179 sine
966 3115 1116 3197 periculo
1143 3115 1346 3192 animarum,

248 3237 317 3281 non
345 3218 522 3301 potuimus
553 3224 768 3300 exspectare.
820 3215 878 3292 Et,
902 3234 980 3278 cum
1009 3214 1052 3276 ad
1077 3213 1143 3276 hoc
1171 3215 1220 3277 nil
1246 3215 1345 3279 nobis

196 3333 200 3340 ·
247 3316 435 3399 imperator
449 3316 679 3394 remandaret,
703 3316 759 3381 dic
780 3313 940 3396 sequenti
956 3313 1037 3377 iecit
1053 3320 1155 3378 extra
1172 3313 1348 3379 civitatem

248 3435 309 3497 per
336 3437 530 3499 praeconem
558 3416 735 3498 publicum
760 3415 963 3495 congregari
991 3411 1192 3496 peregrinos
1213 3411 1349 3477 habita·

248 3524 341 3580 tores
371 3516 536 3593 civitatis,
560 3535 601 3579 ac
628 3535 690 3597 per
713 3513 880 3599 speciales
899 3513 1041 3576 nuntios
1060 3511 1224 3593 praelatos
1247 3512 1350 3576 simul

248 3622 284 3679 et
301 3615 482 3696 religiosos
498 3616 534 3678 in
553 3615 696 3690 sabulo;
723 3613 815 3676 inter
832 3631 919 3694 quos
936 3613 1010 3695 ipse
1023 3611 1251 3701 personaliter
1268 3631 1351 3676 con·

239 3715 392 3779 stitutus
416 3716 526 3797 primo
549 3715 656 3797 coepit
679 3713 843 3778 danobis
869 3713 1023 3793 graviter
1041 3711 1217 3794 conqueri,
1243 3711 1350 3776 falsas

249 3813 480 3896 querimonias
511 3812 731 3877 cumulando.
788 3811 958 3889 Secundo,
990 3811 1034 3874 ad
1067 3811 1179 3875 virum
1209 3830 1351 3874 venera·

248 3912 351 3976 bilem
377 3914 581 3994 magistrum
608 3911 745 3993 Templi
770 3930 961 3975 sermonem
985 3917 1200 3991 retorquens
1224 3908 1351 3973 famam

249 4031 347 4076 suam
364 4020 509 4077 conatus
527 4019 580 4075 est
597 4011 731 4094 publice
752 4009 858 4074 variis
881 4029 922 4073 ac
939 4010 1038 4074 vanis
1056 4007 1351 4091 sermocinationi·

248 4113 313 4175 bus
330 4132 399 4176 non
413 4110 828 4176 mediocriter'obsuscare
840 4130 859 4189 3,
880 4115 916 4172 et
932 4110 982 4172 sic
1004 4107 1140 4190 culpam
1163 4109 1351 4190 propriam,

248 4212 414 4297 quaejam
432 4211 729 4285 manifestabatur,
753 4209 956 4273 intendebat
976 4209 1012 4270 in
1034 4207 1120 4272 alios
1141 4215 1351 4289 retorquere,
