3150 4992
259 447 325 512 224
406 447 410 456 ’
631 463 831 514 cucuronns
854 463 987 511 viarm.

312 644 408 709 simae
426 644 584 727 precibus
600 646 721 710 uxoris
737 665 810 710 suae
831 646 917 710 caclo
942 654 1110 728 receptus.
1163 646 1251 711 Post
1265 647 1368 729 cujus

311 746 443 809 obitum
461 752 583 809 sancta
601 745 780 810 Elizabeth
798 746 875 830 jam
892 746 997 810 vidua
1013 747 1167 810 habitum
1189 747 1367 828 religionis

313 844 356 908 de
370 863 475 908 manu
492 846 649 926 magistri
668 845 822 910 cunradi
843 847 907 910 viri
927 847 1137 910 sanctissimi
1153 846 1317 928 suscepit,
1329 852 1367 909 et

312 945 399 1008 adeo
423 945 465 1008 de
484 945 613 1009 virtute
638 945 673 1007 in
694 946 857 1010 virtutem
882 947 1049 1022 ascendit,
1069 953 1110 1010 ut
1130 955 1211 1010 ante
1233 952 1364 1026 etpost

313 1045 444 1108 obitum
474 1045 549 1126 ejus
576 1053 651 1109 tota
671 1043 878 1109 Alemannis
908 1047 984 1130 ejus
1002 1045 1187 1110 virtutibus
1210 1052 1246 1110 et
1271 1044 1365 1109 fama

312 1142 555 1209 illustraretur.
607 1143 654 1208 Et
678 1145 855 1208 sciendum
885 1145 978 1227 quod
1002 1145 1063 1209 illa
1089 1145 1268 1210 Elisabeth
1293 1145 1366 1208 filia

312 1243 377 1308 fuit
392 1243 485 1307 illius
501 1244 630 1324 reginae
642 1244 684 1308 dc
698 1264 768 1327 qna
783 1265 845 1328 per
862 1244 1101 1308 Innocentium
1120 1263 1245 1327 papam
1260 1246 1364 1308 inter-

313 1349 450 1424 pretata
472 1344 576 1407 estin
597 1345 719 1408 melius
741 1343 816 1408 hacc
840 1344 969 1409 locutio
993 1345 1269 1427 amphibologice
1283 1363 1362 1407 cum

313 1442 355 1506 de
370 1443 542 1506 communi
561 1462 730 1507 consensu
750 1452 971 1507 accusaretur
993 1444 1145 1527 quidam,
1163 1445 1361 1525 ‘Reginam

254 1536 257 1542 ’
311 1542 503 1606 interficere
525 1542 643 1619 nolite,
666 1544 785 1606 timere
805 1545 931 1607 bonum
952 1551 1027 1622 est;
1051 1543 1117 1607 etsi
1138 1563 1256 1606 omnes
1280 1563 1363 1606 con·

312 1643 494 1718 senserint,
522 1661 587 1723 ego
608 1633 707 1722 non3
739 1643 959 1707 contradico.’
1012 1642 1055 1708 In
1087 1662 1156 1726 qna
1187 1643 1362 1707 locutione

312 1739 386 1804 hacc
417 1740 484 1805 fuit
515 1742 708 1805 accusantis
746 1742 902 1818 intentio,
932 1742 1136 1824 ‘Reginam
1171 1742 1362 1806 interficere

312 1840 419 1904 nolite
436 1841 576 1916 timere3
600 1841 726 1904 bonum
745 1849 822 1921 est;
847 1848 894 1919 et,
912 1841 942 1905 si
961 1862 1079 1907 omnes
1104 1843 1362 1919 consentierint,

311 1958 378 2021 ego
402 1959 471 2004 non
495 1940 716 2005 contradico!
769 1942 815 2006 Et
832 1941 882 2004 sic
904 1962 966 2024 per
986 1942 1173 2025 propitium
1195 1942 1363 2023 interpre-

312 2047 380 2102 tem
406 2041 930 2105 intervenientibusmuneribus
957 2041 1122 2106 liberatus
1143 2048 1196 2105 est
1222 2059 1362 2105 accusa-

312 2140 391 2203 tus.’

259 2279 316 2316 PAG.
352 2279 403 2316 uu.

261 2343 314 2418 56,
353 2344 404 2419 29,
416 2351 542 2426 poterat
660 2345 827 2427 permisit.

260 2463 312 2540 57,
372 2463 401 2540 7,
419 2466 556 2550 cupario
659 2470 832 2550 angustia.

261 2592 312 2664 59,
352 2593 403 2664 18,
421 2591 531 2652 nimios
659 2595 766 2656 vivoS.

260 2712 312 2787 60,
351 2712 402 2784 30,
408 2711 488 2792 fiat
502 2711 609 2774 rant·
659 2715 740 2778 fidei
772 2715 980 2781 christianae
1018 2723 1053 2780 et
1085 2672 1215 2782 salctae
1249 2717 1363 2781 rani-

422 2810 496 2871 tatc's
680 2816 772 2878 tatis.

261 2934 313 3006 61,
374 2935 404 3008 8,
422 2931 544 3046 Germa,
563 2942 598 2995 ui
660 2938 812 3017 Gcshen,
828 2947 868 3004 ut
884 2946 1095 3004 convertere.

425 3053 569 3114 conjacere

260 3158 311 3231 62,
351 3158 403 3232 23,
421 3156 609 3239 repatriavit
658 3156 751 3220 adda
779 3157 904 3235 Paris,
926 3157 1021 3221 Obiit
1039 3166 1158 3222 'autem
1181 3158 1247 3222 hoc
1266 3179 1358 3222 anno

682 3256 791 3338 Hugo
809 3256 851 3320 dc
869 3257 1067 3339 Maneport,
1088 3259 1270 3340 episcopus
1287 3258 1359 3320 He

681 3355 899 3433 refordensis,
919 3357 1012 3420 circa
1035 3357 1183 3435 Pascha,
1207 3358 1263 3421 cui
1282 3377 1359 3420 suc-

681 3457 785 3520 cessit
812 3456 920 3538 Hugo
942 3456 1057 3520 Foliot
1080 3465 1115 3520 et
1140 3464 1361 3521 consecratur

681 3553 880 3618 Cantuariae
893 3555 1029 3620 infesto
1044 3555 1205 3620 Omnium
1218 3557 1359 3621 Sancto

681 3672 766 3717 rum.

251 3779 311 3852 63,
350 3779 401 3854 28,
419 3776 558 3840 Cantau-
660 3775 1016 3842 westmonasterium.

426 3897 509 3940 rcum

258 4042 309 4053 -
353 4002 405 4077 29,
422 3999 554 4085 ey'usdcm
660 3997 913 4064 Cantuariensi.

422 4101 561 4165 ciuitatis

258 4225 310 4301 64,
363 4222 401 4301 7,
417 4245 547 4288 sororem
653 4217 680 4283 vJ
684 4219 853 4284 channam
871 4240 1034 4284 sororem.
1114 4205 1117 4208 ⁴
