3150 4992
239 454 305 518 200
611 463 812 513 uncrrouns
838 463 992 511 viarm*

252 593 309 629 PAO.
333 592 385 628 ult.

242 657 317 732 352,
334 656 386 730 24,
405 649 551 716 tribueret
641 659 834 733 generaret.

240 821 292 833 -
336 781 388 855 25,
404 776 551 841 demulsit
642 773 842 839 dormiendo
857 773 1050 857 pigritavit.

242 903 317 977 353,
337 902 391 978 16,
408 909 436 963 et
450 898 561 963 neube-
641 897 850 976 molendina,
867 897 1030 982 pomeria.

408 999 487 1063 dine

243 1166 294 1178 ..
339 1126 392 1197 22,
397 1120 596 1208 predeenmt
642 1116 988 1199 additParis.,utqui
1003 1137 1072 1180 non
1085 1117 1255 1199 pessimus
1266 1116 1345 1194 fuit,

665 1217 1345 1300 bonusvidebatur,etquinonqnantum

665 1317 779 1399 potuit
796 1335 918 1381 nocere
942 1317 1010 1380 non
1034 1315 1163 1393 nocuit,
1182 1316 1346 1398 prodesse

667 1413 858 1479 videbatur.
903 1415 1039 1479 Deinde
1056 1436 1116 1481 rex
1134 1416 1188 1478 ira
1203 1434 1347 1479 succen-

666 1533 726 1578 sus
748 1515 942 1579 vehementi
964 1515 1055 1596 apud
1078 1521 1195 1597 partes
1220 1514 1347 1579 Scotiee

666 1614 830 1678 tendebat
854 1615 1069 1692 cismarinas,
1092 1621 1128 1678 et
1143 1614 1254 1697 captis
1273 1633 1347 1678 cas-

666 1713 729 1776 tris
752 1713 795 1777 de
812 1714 966 1778 Berewic
986 1720 1023 1777 et
1039 1714 1129 1791 aliis,
1153 1731 1232 1795 quae
1249 1713 1345 1778 vide-

665 1813 792 1877 bantur
816 1813 1110 1895 inexpugnabilia,
1134 1812 1347 1895 impropera·

666 1911 717 1975 vit
744 1913 819 1994 regi
845 1911 1061 1989 Alexandro,
1092 1920 1128 1975 et
1157 1912 1239 1993 quia
1269 1918 1346 1977 erat

665 2010 763 2074 rusus
788 2012 996 2093 significavit
1027 2012 1070 2088 ei,
1095 2012 1226 2087 dicens,
1251 2011 1344 2088 ‘Sic,

666 2111 715 2172 sic
740 2110 938 2192 fugabimus
963 2111 1103 2175 rubeam
1125 2110 1345 2192 vulpeculam

665 2209 820 2273 latibulis
835 2211 930 2273 suis!
983 2210 1132 2274 Multam
1158 2208 1264 2290 igitur
1284 2209 1347 2272 ibi-

666 2308 742 2372 dem
760 2317 913 2391 stragem
933 2319 968 2374 et
984 2307 1226 2373 exterminium
1243 2328 1344 2371 exer·

666 2409 804 2486 suisset,
855 2409 921 2473 nisi
970 2409 1113 2473 eundem
1157 2408 1348 2471 necessitas

665 2525 794 2588 magna
817 2509 1016 2575 dilationem
1040 2529 1107 2572 non
1128 2506 1269 2589 capiens
1288 2525 1344 2569 re·

666 2615 837 2672 vocasset.

244 2773 295 2785 —
340 2733 392 2808 31,
408 2730 577 2796 subvenere
643 2728 825 2794 subvertit.

243 2895 295 2907 —-
339 2857 391 2932 33,
409 2856 524 2942 redeqe't
645 2854 767 2918 tenuit.

246 2979 322 3053 354,
361 2981 390 3056 3,
408 2979 538 3044 rubbes
643 2976 761 3042 deseret.

399 3079 512 3161 ferma

244 3237 295 3249 -
339 3198 391 3276 28,
406 3201 525 3266 emerit
644 3203 744 3268 sciat.

247 3316 323 3398 357,
361 3323 572 3399 4,steeettb
644 3325 844 3392 Staneville.

244 3483 295 3495 -
340 3445 392 3522 28,
402 3455 559 3529 potestate;
645 3454 813 3531 potestas.
865 3448 939 3512 ‘Ut
960 3450 1042 3532 quid
1068 3450 1112 3513 ad
1136 3469 1199 3514 nos
1224 3471 1262 3514 se
1288 3473 1349 3516 ex-

409 3544 514 3628 ituque
667 3547 777 3612 tendit
798 3547 1034 3613 Romanorum
1060 3549 1225 3614 insatiata
1250 3552 1347 3633 cupi-

666 3644 782 3708 ditast
835 3646 928 3723 Quid
945 3647 1116 3731 episcopis
1133 3650 1346 3730 apostolicis,

667 3748 702 3805 et
728 3743 860 3808 militiae
884 3750 1041 3810 nostrast
1094 3747 1184 3811 Ecce
1213 3767 1346 3814 succes·

666 3860 760 3905 sores
796 3842 1028 3923 Constantini,
1059 3854 1095 3910 et
1125 3866 1195 3910 non
1224 3847 1343 3926 Petri;

665 3960 735 4004 non
763 3942 943 4006 imitantur
974 3943 1116 4008 Petrum
1150 3944 1186 4008 in
1216 3946 1347 4011 meritis

665 4039 721 4104 vel
743 4042 917 4124 operibus,
942 4063 1006 4108 nec
1027 4043 1240 4108 assimilandi
1265 4053 1347 4110 sunt

664 4139 698 4202 in
712 4147 886 4222 potestate
901 4162 911 4222 3
932 4142 1052 4227 justus
1070 4144 1161 4207 enim
1178 4150 1231 4208 est
1249 4145 1346 4208 Deus

664 4239 699 4300 in
760 4241 960 4305 meritorum
1017 4245 1347 4326 recompensatione.
