3150 4992
258 413 303 478 32
634 426 836 477 necrroues
859 431 992 477 venre.

260 555 318 694 ig,
351 554 553 692 ignatius
661 635 848 700 omnesque
869 636 959 700 quos
976 618 1013 680 in
1032 636 1073 680 eo
1097 601 1226 699 reperit
1247 615 1365 696 gladio

426 714 615 798 intermutat
684 716 869 780 interemit.

259 880 311 892 -
355 841 407 916 28,
424 859 497 924 quor
517 838 613 901 Turci
663 839 769 903 Turci
783 846 913 907 autem.

259 959 312 1039 70,
347 960 612 1047 inquinamur
662 971 749 1028 aetas
767 984 830 1046 pro
846 964 971 1048 quibus
987 964 1075 1047 ipsa.

258 1127 309 1140 -
355 1083 406 1164 17,
421 1084 608 1149 arbitrantes
660 1089 925 1168 arbitrantium
951 1107 1098 1171 cumque
1115 1105 1174 1151 eos
1195 1085 1363 1150 Soliman-

427 1233 436 1250 .
452 1231 481 1249 ..
508 1184 612 1269 defeu-
683 1207 749 1251 nus
764 1188 949 1266 obsideret,
962 1187 1014 1251 illi
1028 1206 1110 1254 vero
1129 1205 1205 1250 sese
1218 1184 1365 1248 viriliter

423 1283 524 1347 denter
684 1286 921 1351 defenderunt.

259 1448 310 1461 -
354 1408 515 1484 22278877
663 1412 970 1477 misso...milite.

414 1506 531 1570 militia

257 1670 308 1686 -
352 1633 406 1705 21,
414 1629 524 1715 ferior
540 1627 612 1694 lide-
660 1624 849 1690 incolumes
866 1624 1055 1688 reduceret.

425 1751 498 1794 rore

258 1888 307 1900 -
352 1849 405 1930 27,
421 1859 487 1916 voto
660 1853 742 1912 voto
761 1845 959 1910 obstrictus.

258 1971 310 2051 71,
372 1976 402 2051 3,
418 1982 506 2037 terra
660 1971 748 2036 dccet.

256 2135 308 2150 -
373 2096 404 2173 7,
419 2117 506 2161 cum.
520 2145 528 2162 .
544 2118 609 2160 .re-
660 2103 696 2160 et
718 2095 762 2160 ad
784 2095 1013 2161 resistendum
1032 2113 1071 2159 se
1095 2113 1291 2177 praeparare
1314 2094 1366 2159 vi-

683 2193 815 2259 dentes.

660 2319 889 2402 rependendo.

660 2443 855 2508 sedunum.

396 2613 405 2642 ,
526 2566 533 2580 '
659 2566 765 2650 regiae
781 2566 989 2649 benignitati
1007 2567 1109 2630 nimis
1127 2565 1350 2631 confidentes,

256 2821 307 2837 ..
352 2789 404 2864 28,
420 2807 489 2850 oum
511 2788 610 2851 armis
660 2777 765 2841 armis
783 2777 936 2841 ethonis
953 2777 1025 2839 suis
1046 2777 1082 2839 in
1104 2777 1219 2857 regiae
1241 2796 1363 2841 manus

421 2894 610 2950 ...mortem
683 2875 819 2940 traditis
853 2875 1093 2939 satisfacerent
1125 2878 1361 2957 conquerenti.

420 2985 588 3050 §evomi
684 2973 764 3052 Quo
805 2973 898 3038 fecto
941 2975 1077 3038 veniam
1119 2984 1364 3056 exspectantee

683 3081 827 3138 mortem
844 3073 1072 3138 incurrerunt.

259 3209 312 3288 72,
373 3216 402 3288 5,
420 3209 548 3274 sollicite
659 3218 746 3281 quos
769 3197 917 3261 sollicite
942 3194 1205 3271 admonuerunt,
1227 3203 1267 3259 nt
1284 3216 1363 3278 per-

681 3297 810 3360 fidium.

659 3422 748 3486 deest.

576 3599 607 3615 ..
659 3544 879 3608 incederent.
898 3590 928 3606 ..
947 3543 1160 3625 expedirent.

657 3765 756 3832 furiis
769 3764 916 3828 incitati.

256 3935 305 3946 —-
351 3894 404 3973 17,
419 3896 591 3981 impetentes
656 3894 862 3971 quaerentes.

256 4057 303 4069 ..
350 4023 402 4096 22,
417 4020 604 4084 incentor...
656 4010 793 4075 author.
838 4009 995 4073 Tandem
1011 4027 1142 4085 omnes,
1157 4016 1332 4090 superata.

421 4127 601 4182 transcursu

253 4277 302 4292 -
346 4245 401 4317 24,
417 4242 585 4326 aduerunt
655 4235 864 4316 attigissent.
