3150 4992
556 493 756 542 uueurouus
779 492 910 540 verriu.
1247 469 1292 533 93

235 676 463 740 Eboraceusis
485 676 775 759 archiepiscopus,
807 673 952 740 concilio
976 673 1090 736 uoluit
1114 670 1290 734 interesse.

235 774 332 839 Obiit
360 796 496 858 quoque
520 776 747 857 Regiualdus,
776 794 892 839 comes
921 773 1115 837 Cornubiae.
1169 769 1290 850 Euge,

236 874 453 938 Petroleouis
474 875 638 940 diaeonus
660 875 857 951 cardinalis,
878 873 973 937 venit
997 872 1133 953 legatus
1156 870 1192 933 iu
1215 868 1291 933 An-

234 973 351 1053 gliam,
369 982 405 1037 et
422 976 586 1057 praestitit
601 975 842 1038 auctoritatem
866 972 1024 1036 tradendi
1045 971 1188 1035 clericos
1211 975 1292 1033 ante

229 1071 382 1154 judicem
398 1074 599 1138 saecularem
617 1093 681 1155 pro
695 1072 874 1138 forisfacto
889 1071 1027 1136 sorestae
1040 1077 1076 1134 et
1084 1070 1173 1133 laico
1190 1067 1292 1131 seudo

235 1173 271 1233 in
289 1172 441 1237 favorem
456 1175 559 1255 regis.

197 1315 256 1351 Plu.
279 1314 332 1349 ml.

186 1379 262 1454 383,
280 1378 331 1452 14,
349 1378 470 1464 tripertio
588 1375 680 1440 addit
698 1377 822 1454 Paris,
836 1385 1014 1441 caverunt.
1050 1378 1141 1441 Haec
1157 1385 1212 1441 est
1223 1378 1292 1442 for·

613 1496 670 1539 rna
701 1477 832 1541 chartae
862 1496 946 1540 vera
973 1496 1051 1558 quae
1078 1484 1133 1540 est
1158 1477 1194 1540 in
1219 1479 1294 1542 the-

612 1595 728 1652 sauro,
768 1576 827 1640 ubi
863 1596 1017 1659 appensa
1058 1583 1140 1640 sunt
1178 1579 1294 1641 omnia

614 1675 730 1756 sigilla
774 1676 1013 1760 episcoporum
1056 1684 1092 1740 et
1126 1678 1292 1742 baronum

614 1774 750 1839 Scotiae.

193 1906 268 1978 384,
308 1905 337 1978 2,
352 1901 544 1988 reqejudauta
593 1897 684 2059 urgelit
717 1899 839 1975 Paris,
871 1898 1012 1982 filioque
1054 1921 1123 1965 non
1158 1909 1296 1966 contra·

640 1997 761 2065 icente.

194 2163 244 2173 —
290 2122 341 2197 16,
353 2122 536 2207 Berpeaeuei
596 2121 805 2204 Bergamini.

195 2285 246 2296 -
291 2242 342 2321 17,
356 2246 516 2330 capulum
596 2247 760 2329 gladium.

197 2371 271 2445 385,
287 2371 339 2446 31,
352 2390 546 2435 racemorum
596 2369 688 2433 addit
726 2370 851 2447 Paris,
883 2371 992 2454 Hugo
1028 2372 1298 2453 Petro-Leonis

619 2471 804 2551 legationis
839 2491 912 2534 suae
953 2491 1057 2535 eursu
1095 2475 1298 2551 cancellato,

619 2569 867 2635 transfretavit.
920 2571 1001 2635 Rex
1016 2571 1190 2638 Henricus
1206 2574 1301 2638 dedit

620 2669 725 2734 filiam
741 2689 840 2734 suam
859 2669 1032 2753 juniorem
1054 2673 1128 2753 regi
1148 2672 1299 2757 Apuliae,

620 2775 656 2832 et
664 2777 766 2833 sexto
784 2769 950 2833 kalendas
964 2770 1175 2852 Septembris
1188 2781 1301 2836 traus-

621 2869 772 2933 fretavit.
818 2869 915 2933 Obiit
923 2869 1119 2934 Richardus
1130 2891 1246 2937 comes
1257 2873 1300 2936 de

622 2967 781 3050 Strigoil;
810 2987 925 3032 comes
934 2968 1038 3033 etiam
1048 2970 1245 3035 Willelmus
1257 2972 1299 3035 de

622 3065 793 3130 Arundell
810 3069 896 3132 obiit
909 3075 1033 3149 quarto
1047 3068 1125 3132 idus
1141 3069 1303 3134 Octobris

623 3167 714 3249 apud
730 3167 907 3244 Waverle,
921 3174 957 3230 et
970 3167 1127 3250 sepultus
1140 3176 1194 3233 est
1209 3169 1302 3252 apud

623 3264 883 3342 Wimundham,
900 3266 1021 3336 cellam
1043 3266 1175 3332 scilicet
1196 3268 1305 3332 ecele-

624 3367 686 3430 siae
709 3365 819 3429 sancti
843 3364 982 3441 Albani,
1004 3366 1104 3449 cujus
1124 3366 1221 3430 cellae
1241 3387 1304 3450 pa·

624 3473 744 3530 tronus
755 3463 861 3529 fuisse
872 3464 1098 3546 dignoscitur.
1125 3466 1305 3531 Walterus

624 3584 774 3648 quoque,
796 3564 890 3646 prior
912 3564 1174 3642 Wintonieusis,
1191 3566 1326 3631 sactus·

625 3672 679 3729 est
695 3664 803 3728 abbas
816 3663 1213 3731 westmonasteriensis.

202 3795 276 3869 386,
295 3795 347 3869 12,
371 3788 554 3875 Loptouituu
604 3787 808 3869 Legiouum.

203 3914 277 3992 387,
296 3918 347 3992 15,
363 3913 496 3978 Heuriei
604 3910 822 3975 deest—The
836 3909 976 3975 Cotton.
991 3910 1069 3976 MS.
1081 3911 1145 3976 has
1155 3911 1308 3978 ‘Ulrici.'

205 4042 279 4116 388,
318 4040 349 4113 2,
366 4036 528 4101 collocatur
604 4033 697 4097 addit
728 4034 854 4112 Paris,
887 4034 1017 4099 Eodem
1051 4055 1189 4118 quoque
1216 4057 1309 4101 anno

629 4132 823 4214 Philippus,
854 4153 968 4197 comes
1005 4133 1241 4212 Flaudrensis,
1272 4145 1308 4201 et

630 4231 827 4295 Willelmus
847 4232 889 4295 de
912 4233 1144 4314 Magna-villa
1163 4234 1309 4317 profecti
