3150 4992
276 443 341 507 286
651 464 853 514 nncrrouns
876 467 1009 516 unnim.

326 650 423 721 erat;
450 651 485 706 et
509 644 677 707 malorum
705 646 797 710 malo
828 647 953 712 ductus
978 659 1013 713 et
1044 650 1206 714 seductus
1234 651 1383 714 consilio

326 740 444 805 fideles
461 761 555 819 suos,
584 763 671 824 quos
699 745 841 825 sanguis
870 748 1008 811 nativus
1032 748 1124 813 flecti
1148 769 1214 813 non
1236 751 1381 831 permit-

325 847 426 916 teret,
448 861 513 922 pro
534 841 612 906 aliis
626 843 802 908 ventiletis
820 847 1008 928 postponit,
1024 854 1068 923 et,
1087 849 1180 930 quod
1198 849 1296 932 pejus
1314 857 1381 926 est,

326 939 520 1018 proditores
537 948 650 1004 vocat.

286 1085 343 1122 Pus.
367 1086 421 1124 HN·

276 1161 352 1239 276,
369 1161 423 1241 27,
437 1165 562 1228 nuum
676 1167 899 1246 proscribere.

273 1327 325 1338 -
369 1289 422 1362 33,
429 1287 538 1369 filium
554 1288 618 1370 ojus
675 1286 780 1350 filium
799 1288 875 1372 ejus
892 1298 954 1354 aut
970 1293 1275 1373 consanguineum.

275 1406 349 1485 277,
386 1412 416 1486 4,
433 1409 608 1475 immutans·
673 1410 940 1477 immutaverunt
960 1415 1013 1478 vel
1032 1415 1261 1479 immutarent.

441 1518 515 1572 runt

273 1671 323 1681 —
369 1633 420 1706 18,
429 1631 544 1714 fuerat
672 1631 750 1709 suit,
765 1633 801 1696 in
814 1634 874 1717 jus
891 1655 990 1698 suum
1007 1644 1230 1718 assumptum.

273 1790 324 1798 —
368 1755 422 1828 26,
437 1754 571 1815 armatu
673 1758 816 1821 armatis
833 1758 963 1823 ...icis
980 1760 1063 1822 suis

274 1869 625 1954 278‚13‚prorraoeisut
673 1882 911 1962 pertraxisset.

273 2035 324 2045 -
368 1995 421 2070 26,
440 1992 569 2058 ducebat
673 2005 840 2086 rapiebat.

273 2155 324 2166 —-
368 2117 420 2190 28,
435 2135 472 2178 en
488 2113 624 2178 omuibus
671 2123 856 2188 indiscrete
886 2127 1102 2203 rebellantes
1125 2128 1242 2208 potius
1273 2148 1294 2192 a
1323 2150 1375 2193 se-

693 2222 849 2304 metipsis
866 2244 968 2306 quam
985 2227 1029 2289 ab
1046 2226 1134 2290 aliis

274 2331 349 2410 279,
388 2337 419 2410 4,
436 2335 539 2420 nudi*
671 2345 771 2424 quasi
817 2346 955 2428 spoliati
994 2367 1016 2411 a
1052 2348 1300 2431 vespilionibus
1335 2351 1372 2412 in

693 2445 865 2526 compitis.

271 2595 321 2604 -
386 2593 413 2604 -
437 2577 573 2639 quaesuu
670 2583 735 2627 sua
750 2565 833 2629 illuc
847 2566 974 2630 delata.

434 2662 523 2716 eraut

271 2814 320 2824 -
387 2771 416 2850 7,
428 2775 596 2856 pecuniam
668 2780 760 2843 addit
782 2782 908 2861 Paris„
931 2807 1063 2852 necnon
1084 2798 1118 2854 et
1135 2796 1369 2861 stratilectilia

691 2899 769 2942 cum
785 2882 932 2947 viaticis.

270 3036 320 3046 -
384 3034 411 3046 -
435 2997 610 3068 uniuersum
668 3001 755 3068 deust.

269 3154 319 3161 -
386 3121 418 3193 8,
435 3119 620 3204 adpropriet
668 3125 786 3189 destun.

268 3275 319 3283 -
365 3243 416 3316 19,
429 3240 585 3324 plurimos
667 3247 759 3312 addit
776 3247 902 3327 Paris„
919 3253 1009 3333 quod
1028 3255 1139 3320 dirum
1161 3280 1260 3324 omen
1280 3263 1370 3326 solet

689 3347 895 3428 significare.

268 3459 343 3533 280,
385 3463 416 3536 2,
432 3461 519 3526 miles
541 3472 618 3526 uro·
669 3469 892 3540 Flandreusis
908 3475 1060 3553 natione,
1079 3479 1176 3544 miles
1194 3487 1367 3559 strenuus,

435 3580 515 3621 uuus
531 3608 539 3622 .
558 3607 566 3623 .
583 3608 616 3623 ..
688 3585 788 3647 quem
821 3590 882 3635 rex
913 3572 984 3634 suis
1017 3579 1156 3641 vocavit
1190 3587 1225 3642 et
1257 3582 1368 3642 tenuit

430 3656 581 3740 copimhat
687 3666 880 3745 stipendiis,
899 3677 934 3733 et
948 3670 1058 3734 eidem
1079 3673 1165 3737 illud
1186 3677 1366 3740 castellum

686 3764 905 3831 commiserat
915 3770 1188 3849 custodiendum,
1200 3794 1277 3837 cum
1291 3774 1367 3838 Pic-

687 3863 886 3928 tavensibus
907 3873 942 3929 et
958 3867 1227 3935 Flandrensibus
1245 3893 1366 3954 quam·
1456 3903 1459 3910 2

686 3961 863 4041 plurimis3
888 3971 922 4028 et
934 3965 1130 4048 intelligens
1148 3990 1216 4051 quo
1231 3971 1366 4036 Mares·

686 4058 796 4125 callus
825 4070 910 4139 erat,
940 4083 1041 4145 quem
1069 4067 1156 4131 vidit
1184 4070 1365 4133 castellum

685 4175 761 4218 cum
791 4161 910 4238 paucis
936 4163 1128 4243 explorare,
1151 4168 1275 4249 erupit,
1303 4170 1366 4231 irn-
