3150 4992
589 481 793 531 cucurouns
817 480 950 530 vanum
1256 464 1323 530 :315

225 612 282 648 PAO.
309 611 361 647 ml.

215 675 292 749 326,
330 670 360 750 7,
378 670 486 736 clerici
615 666 743 742 clerici,
759 666 892 731 scilicet
908 665 1067 730 dominus
1089 664 1257 730 Nicolaus
1278 666 1320 730 de

636 767 745 842 Leon,
757 765 961 829 etdominus
973 765 1189 847 Reginaldus
1205 765 1320 830 Phisi-

638 884 711 941 cus,
730 872 766 927 et
780 865 947 946 magister
963 863 1142 930 Galfridus
1164 864 1208 928 de
1225 865 1320 928 Lan-

637 964 727 1046 gelic
745 963 903 1028 clericus,

214 1131 266 1144 —
310 1090 567 1176 ll,icr09iorrcm
616 1089 764 1171 Insuper
790 1067 984 1171 approbata
1013 1094 1067 1152 est
1092 1088 1205 1152 forma
1230 1088 1319 1154 elec-

382 1212 471 1254 sumc
491 1238 520 1254 ..
537 1237 566 1254 ..
637 1189 742 1252 tionis
768 1195 804 1252 et
823 1204 1027 1270 progressus
1044 1188 1187 1268 negotii,
1209 1189 1319 1252 adrni-

381 1287 560 1354 dcccdictic·
635 1288 793 1351 rantibus
836 1287 971 1351 cunctis
1009 1287 1101 1370 quod
1140 1287 1230 1352 inter
1266 1296 1320 1352 tot

380 1410 448 1453 aaa
463 1387 558 1452 addo·
636 1387 753 1469 capita
778 1404 849 1449 una
872 1385 938 1449 fuit
964 1387 1139 1451 sententia
1168 1394 1206 1451 et
1231 1406 1318 1450 una-

380 1488 421 1551 tis
436 1489 567 1573 suscepit
637 1486 739 1549 nimis
772 1505 984 1565 consensus3
1017 1486 1109 1550 unde
1141 1504 1176 1548 a·
1196 1486 1316 1550 multis

637 1586 768 1649 dictum
801 1583 868 1649 fuit
895 1585 932 1649 in
959 1585 1056 1648 curia
1082 1585 1254 1662 Romana,
1281 1593 1317 1650 et

637 1686 681 1748 ab
700 1684 777 1766 ipso
803 1703 906 1766 papa,
929 1683 1022 1765 quod
1045 1703 1115 1747 non
1134 1684 1208 1748 sine
1229 1692 1316 1749 nutu

637 1783 787 1866 Spiritus
810 1782 930 1847 Sancti
951 1782 1045 1846 istud
1068 1781 1182 1847 fuerat
1198 1803 1317 1866 prose·

636 1891 767 1960 cutum,
784 1881 1045 1946 ‘Multitudinis
1067 1883 1156 1944 enim
1176 1883 1317 1947 creden-

635 1982 723 2046 tium
745 1982 810 2045 fuit
826 2000 886 2045 cor
907 2000 1013 2044 unum
1034 1988 1070 2044 et
1084 1981 1201 2045 anima
1222 1981 1316 2046 una!

638 2081 696 2158 Et,
711 2087 751 2144 ut
763 2079 943 2144 audientes
956 2100 1025 2144 non
1040 2080 1160 2158 lateat,
1173 2081 1248 2146 haec
1263 2088 1318 2146 est

636 2179 851 2245 consuetudo
868 2179 1017 2261 eligendi
1034 2180 1193 2244 abbatem
1209 2181 1245 2244 in
1262 2200 1315 2244 ec-

636 2279 743 2343 clesia
771 2279 884 2343 sancti
908 2277 1061 2359 Albani;
1093 2277 1316 2344 confessores

637 2378 769 2443 scilicet
797 2385 868 2442 tres
897 2379 953 2442 vel
977 2385 1128 2461 quatuor
1151 2378 1318 2461 jubentur

636 2477 792 2542 districte
812 2478 847 2540 in
863 2476 991 2541 virtute
1014 2477 1165 2560 Spiritus
1183 2477 1313 2554 Sancti,

636 2584 759 2659 utpote
793 2576 852 2658 qui
891 2583 1107 2658 cognoscunt
1139 2577 1245 2641 corda
1281 2585 1317 2645 et

635 2696 734 2740 renes
766 2675 992 2758 singulorum,
1018 2682 1058 2741 ut
1089 2676 1155 2758 ipsi
1185 2677 1316 2759 eligant

531 2770 535 2778 ’
635 2775 814 2840 duodecim
832 2776 875 2839 dc
898 2782 1070 2841 conventu
1087 2776 1210 2839 fratres
1226 2777 1316 2841 elec·

635 2881 703 2950 tos,
718 2874 851 2938 scilicet
866 2874 984 2937 fideles
998 2881 1034 2939 et
1044 2875 1187 2956 peritos
1200 2883 1240 2938 ut
1250 2876 1318 2958 ipsi

635 2972 692 3036 vel
709 2972 751 3035 de
768 2971 904 3054 seipsiS,
918 2973 972 3036 vel
989 2972 1031 3035 de
1048 2975 1125 3054 ipso
1143 2982 1316 3038 conventu

636 3070 803 3147 ecclesiae,
829 3070 884 3134 vel
909 3070 951 3134 de
977 3070 1084 3147 celliS,
1111 3090 1216 3134 unum
1242 3073 1317 3137 ido-

636 3190 738 3234 neum
758 3169 890 3250 eligant
906 3169 943 3231 in
960 3170 1132 3233 abbatem.
1186 3171 1236 3235 Ut
1254 3191 1316 3235 au·

636 3275 706 3333 tem
728 3288 847 3333 eorum
870 3267 992 3333 electio
1013 3275 1047 3332 et
1064 3269 1163 3333 labor
1185 3270 1314 3335 delibe-

635 3367 769 3433 rativus
799 3385 903 3449 super
931 3366 997 3432 boc
1030 3369 1170 3449 negotio
1196 3369 1315 3433 irritus

635 3486 704 3530 non
741 3466 922 3542 habeatur,
956 3466 1076 3530 literas
1113 3466 1242 3531 habent
1271 3468 1314 3532 de

635 3571 808 3630 conventu
824 3584 930 3648 penes
944 3584 982 3629 se
995 3565 1111 3648 sigillo
1124 3574 1316 3632 conventus

634 3666 828 3742 roboratas,
846 3670 886 3728 ut
902 3665 976 3748 ipse
997 3674 1189 3731 conventus
1205 3667 1315 3745 illum,

634 3784 736 3847 quem
755 3763 823 3848 ipsi
848 3763 1027 3829 duodecim
1048 3765 1177 3847 eligent
1193 3767 1229 3829 in
1253 3767 1315 3830 ab·

632 3865 761 3941 batem,
788 3864 863 3927 sine
892 3863 1164 3928 contradictione
1192 3865 1316 3944 unani-⁴

634 3962 735 4025 miter
743 3961 934 4043 suscipient
947 3968 981 4025 et
991 3969 1181 4044 gratanter.
1212 3963 1314 4027 Unde

634 4061 739 4124 series
755 4060 887 4142 negotii
908 4060 958 4123 sic
979 4068 1163 4143 prosecuta
1183 4080 1205 4125 a
1222 4082 1316 4126 sum·

634 4179 691 4223 mo
704 4159 867 4243 pontifice
880 4167 915 4224 et
926 4161 1085 4224 omnibus
1098 4161 1316 4225 audientibus

634 4278 714 4323 cum
739 4259 967 4324 admiratione
992 4267 1046 4324 est
1065 4262 1316 4340 commendata,
