3150 4992
244 459 310 522 144
621 472 820 520 nncrronns
844 474 975 521 viarm.

257 600 314 635 PAG.
337 598 390 634 ult.

247 663 323 736 128,
342 663 395 737 21,
416 660 600 724 Centaurea
646 658 930 724 tmanatala
1048 685 1051 689 ·

244 827 296 838 -
340 787 428 860 aaa
426 785 536 867 fratri
545 806 604 882 suot
647 782 765 847 dosunt.

247 910 322 985 129,
363 909 393 984 2,
405 929 597 992 qaam..ca·
647 925 750 989 quam
773 914 890 970 tamen
919 906 1088 988 capellam
1121 905 1212 968 idem
1243 905 1351 969 archi-

413 1007 580 1071 tlredralrm
669 1006 852 1088 episcopus
879 1006 922 1068 ad
949 1005 1120 1070 cautelam
1146 1007 1348 1088 appellavit,

413 1108 597 1192 transferret
670 1105 819 1168 Londini
841 1105 934 1187 apud
957 1105 1219 1185 Lamhethiam3
1250 1106 1351 1169 timu·

667 1214 768 1268 erunt
785 1205 875 1268 enim
892 1205 1062 1280 monachi,
1080 1205 1163 1288 quia
1182 1205 1248 1269 hoc
1270 1224 1350 1286 pas·

667 1305 731 1366 sim
749 1304 938 1381 dicebatur,
959 1312 994 1367 et
1016 1305 1121 1368 etiam
1144 1304 1219 1386 ipse
1237 1305 1349 1366 archi-

667 1404 849 1486 episcopus
863 1404 929 1467 hoc
943 1391 1225 1467 communicando
1242 1405 1350 1485 [com-

667 1503 846 1583 minando]
865 1511 1072 1579 asseruerat,
1084 1495 1127 1566 ne
1140 1503 1255 1566 sedem
1266 1502 1349 1565 illuc

667 1602 899 1666 cathedralem
932 1602 1145 1678 transferret,
1176 1610 1222 1679 et,
1256 1602 1349 1685 quod

668 1701 767 1784 pejus
781 1710 865 1777 erat,
879 1703 915 1765 in
929 1710 1163 1783 contemptum
1179 1710 1215 1764 et
1226 1722 1350 1784 oppro-

667 1802 778 1863 brium
794 1802 901 1865 totius
926 1801 1055 1865 ordinis
1075 1802 1267 1878 monastici,
1289 1801 1349 1864 de-

662 1900 768 1984 jectis
790 1901 967 1964 monachis
988 1901 1071 1964 illuc
1091 1901 1274 1964 canonicos
1298 1901 1350 1963 in-

667 2001 826 2064 stitueret
853 2001 1046 2079 seculares3
1071 2001 1163 2083 quod
1183 2021 1252 2063 non
1273 1999 1348 2064 sine

666 2099 795 2182 injuria
804 2099 1252 2182 multiplici,ingratitudine
1264 2119 1349 2182 quo·

666 2218 733 2281 que
760 2200 973 2281 eligentium,
993 2206 1192 2263 sauctorum
1210 2219 1348 2282 quoque

664 2298 701 2360 in
721 2298 867 2362 ecclesia
889 2299 1088 2363 Cantuariae
1108 2299 1346 2380 plurimorum,

666 2399 725 2480 qui
755 2399 916 2462 monachi
941 2399 1162 2474 exstiterunt,
1191 2398 1289 2461 fieret
1316 2398 1347 2460 si

665 2496 709 2559 ad
734 2497 836 2560 finem
856 2506 1014 2580 optatum
1036 2499 1250 2580 propositum
1271 2517 1345 2579 per-

665 2595 867 2677 duceretur3
888 2598 935 2660 Or.
949 2607 978 2660 rt
990 2597 1031 2658 a.

241 2756 293 2768 -
357 2721 389 2795 9,
403 2713 577 2781 intendebat
643 2718 735 2782 addit
755 2719 881 2796 Paris,
906 2728 1028 2783 contra
1054 2721 1235 2784 consilium
1263 2739 1347 2802 apo-

664 2817 745 2880 stoli
767 2818 925 2895 dicentis,
944 2819 1080 2882 ‘Nemo
1101 2821 1254 2884 militans
1272 2819 1346 2883 Do·

664 2918 756 2981 mino
774 2918 928 3000 implicet
951 2937 990 2982 se
1011 2920 1160 3000 negotiis
1183 2919 1344 2982 seculari-

664 3017 753 3080 bus.'

240 3175 292 3188 -·-
337 3141 389 3216 12,
407 3135 519 3206 Barba
537 3185 566 3200 ..
584 3187 591 3200 .
643 3141 772 3218 Barba,
786 3142 911 3205 nobilis
927 3142 1012 3205 civis
1027 3142 1216 3206 Londoniae
1226 3142 1345 3225 justus

399 3238 529 3322 samara
664 3248 699 3304 et
737 3249 913 3318 constans,
952 3241 1053 3325 cujus
1094 3243 1344 3324 persecutionis

664 3359 804 3403 causam
828 3349 965 3405 constat
980 3361 1055 3405 esse
1064 3341 1210 3424 justam,
1226 3342 1269 3405 ab
1284 3342 1346 3404 illa

666 3487 674 3501 .
694 3487 702 3502 .
720 3488 727 3502 .
744 3460 812 3503 aere
828 3440 946 3515 effuso,
960 3441 1051 3524 quod
1068 3441 1226 3504 dominus
1242 3461 1345 3524 papa,

664 3539 744 3601 licet
759 3540 802 3602 de
822 3539 1055 3604 oblationibus
1075 3560 1263 3622 pauperum
1287 3561 1345 3604 su·

664 3658 726 3719 per
755 3639 907 3702 tumbam
939 3640 1033 3704 beati
1068 3640 1212 3703 Thomas
1248 3641 1344 3704 colli·

664 3745 814 3818 geretur,
834 3759 902 3801 uon
923 3739 1099 3817 refutavit,
1119 3740 1272 3818 famam3
1293 3741 1343 3804 Oa.

663 3845 691 3899 at
706 3837 749 3898 a.

240 3995 310 4014 -·
335 3961 389 4036 16,
405 3959 551 4044 draipra-
645 3961 695 4024 Oe.
716 3960 783 4023 and
809 3962 852 4024 R.
871 3961 951 4037 add,
976 3963 1042 4025 ‘de
1065 3963 1208 4044 capellae
1228 3972 1343 4026 autem

405 4057 479 4122 bant
663 4060 793 4143 injuria
807 4061 963 4124 exauditi
979 4063 1064 4125 bene
1080 4061 1242 4126 fuerunt)

239 4221 290 4232 -
335 4185 387 4260 23,
403 4180 579 4267 subrogarit
645 4183 694 4247 Or.
723 4183 791 4246 and
817 4185 859 4249 a.
885 4184 964 4260 add,
988 4185 1158 4268 ‘Insuper
1183 4187 1343 4250 dominus
