3150 4992
626 471 831 520 ascalonus
854 471 995 519 VARlAE.

309 648 405 712 sense
424 648 521 712 illum
542 648 706 715 ducentes
723 651 865 728 abillis,
887 652 950 733 qui
970 656 1086 714 castro
1108 655 1294 731 praeerant,
1314 649 1367 710 in-

309 767 466 829 gressum
493 748 696 830 postulant3
730 751 797 816 hoc
821 751 913 815 enim
940 749 1069 813 domini
1092 748 1148 812 sui
1173 748 1276 823 velle,
1301 747 1367 827 boc

310 866 428 928 regem
445 849 621 912 absentem
634 848 769 932 jubere,
786 850 918 914 dicunt.
971 849 1082 912 Erant
1098 854 1213 911 autem
1234 854 1315 910 tunc
1331 847 1367 909 in

311 954 427 1010 castro
440 946 500 1010 illo
515 947 626 1010 omnis
642 947 712 1010 fere
722 948 918 1032 juventutis
934 947 1075 1028 Angliae
1091 953 1125 1010 et
1140 945 1367 1010 Normanniae
1384 982 1389 988 -

314 1045 488 1119 nobilitas,
513 1053 583 1109 tres
609 1046 741 1111 scilicet
766 1047 829 1111 filii
849 1048 984 1112 comitis
1008 1045 1157 1127 'Rogeri
1184 1053 1220 1108 et
1240 1044 1367 1107 Eusta-

315 1144 412 1207 chius
437 1163 552 1208 comes
575 1145 743 1210 Bononiae
765 1147 896 1231 junior,
923 1165 1000 1209 cum
1025 1146 1101 1209 aliis
1125 1143 1255 1220 multiS,
1281 1162 1368 1224 qnos

314 1243 552 1325 praetermitto.
605 1244 664 1307 Illi
681 1265 776 1322 vero,
800 1247 861 1329 qui
882 1247 918 1308 in
937 1252 1053 1309 castro
1075 1250 1185 1318 erant,
1204 1262 1250 1305 ex
1270 1261 1367 1305 muro

314 1342 576 1424 prospicientes,
589 1343 723 1406 vultum
740 1345 894 1427 episcopi
911 1364 987 1407 cum
1005 1343 1152 1406 militum
1169 1341 1283 1406 verbis
1300 1360 1369 1403 non

315 1441 498 1505 convenire
519 1442 759 1523 percipientes,
786 1445 882 1507 ocius
904 1443 1033 1525 apertis
1053 1441 1166 1506 valvis
1188 1446 1368 1515 exeuntes,

316 1559 434 1602 omnes
448 1558 525 1602 cum
542 1541 704 1623 episcopo
722 1543 848 1606 milites
865 1543 979 1623 regios
989 1543 1025 1605 in
1040 1539 1219 1604 castellum
1234 1540 1370 1603 vinctos

317 1637 496 1702 reducunt.
548 1638 636 1703 Cum
663 1648 778 1704 autem
805 1662 921 1705 rumor
947 1641 1029 1704 facti
1054 1639 1158 1723 hujus
1186 1637 1230 1701 ad
1257 1638 1370 1718 regias

318 1755 419 1800 aures
449 1738 675 1819 pervenisset,
703 1760 765 1803 rex
795 1740 847 1803 ira
868 1740 1102 1804 inflammatus
1128 1736 1370 1819 stipendiarios

318 1835 445 1899 milites
467 1855 548 1900 suos
568 1835 703 1918 Anglos
723 1847 925 1920 congregat,
950 1846 985 1903 et
1003 1839 1135 1919 absque
1154 1854 1252 1899 mora
1269 1843 1309 1899 ut
1326 1834 1370 1898 ad

319 1934 532 1998 obsidionem
564 1937 717 2013 veniant,
746 1939 859 2022 jubet,
894 1939 960 2002 nisi
989 1937 1098 2002 velint
1135 1936 1201 1998 sub
1235 1935 1372 1998 nomine

320 2033 513 2115 ‘Nithing,’
539 2034 632 2116 quod
667 2035 793 2100 Latine
826 2035 1007 2119 ‘nequam’
1040 2042 1154 2111 sonat,
1188 2033 1370 2097 recenseri.

319 2129 440 2213 Angli,
471 2133 530 2214 qui
564 2133 665 2196 nihil'
680 2136 962 2200 contumeliosius
992 2143 1027 2199 et
1061 2134 1164 2198 vilius
1198 2133 1372 2196 aestimant

320 2250 424 2312 quam
446 2230 644 2315 hujusmodi
666 2233 897 2314 ignominioso
913 2234 1083 2300 vocabulo
1110 2233 1234 2308 notari,
1261 2240 1372 2294 cater-

320 2330 427 2393 vatim
443 2330 486 2393 ad
501 2350 618 2412 regem
633 2333 860 2410 confluentes,
872 2335 1030 2415 ingentes
1043 2332 1161 2414 copias
1175 2330 1374 2394 conficiunt.

322 2428 465 2492 Obsessi
477 2437 591 2492 autem
605 2431 795 2511 longiorem
809 2432 1020 2496 obsidionem
1034 2432 1122 2495 ferre
1139 2449 1208 2493 non
1219 2429 1374 2493 valentes

322 2527 502 2590 castellum
521 2528 594 2609 regi
612 2529 844 2595 reddiderunt.
896 2532 973 2595 Odo
991 2533 1109 2612 itaque
1126 2530 1309 2612 episcopus
1324 2547 1377 2590 se-

323 2625 435 2688 cundo
448 2631 571 2708 captus
588 2625 750 2709 Angliam
769 2639 936 2713 perpetuo
953 2629 1139 2713 abjuravit.
1180 2627 1375 2709 Episcopus

325 2723 581 2801 Dunelmensis,
609 2744 631 2787 a
659 2746 741 2808 rege
773 2736 953 2811 praetentae
981 2727 1141 2792 amicitiae
1170 2726 1379 2790 verecundia

324 2822 428 2886 ducto
458 2822 545 2886 liber
578 2825 672 2888 abire
704 2828 906 2908 permissus,
936 2817 1029 2891 illico
1056 2828 1092 2890 in
1126 2825 1376 2889 Normauniam

324 2920 573 2986 transfretavit.
619 2922 757 3001 Caeteri,
783 2926 851 2988 fide
880 2927 974 3002 data,
1004 2924 1135 2988 dimissi
1164 2930 1257 2987 sunt.
1309 2923 1376 2986 Sed

323 3020 415 3083 inter
438 3020 502 3083 has
528 3021 715 3090 obsidionis
737 3043 852 3088 moras
874 3026 1022 3088 ministri
1042 3024 1134 3105 regis
1150 3041 1244 3085 mare
1263 3030 1377 3086 custo-

326 3118 459 3182 dientes
491 3120 671 3201 quosdam,
704 3142 792 3204 quos
826 3124 898 3187 dux
933 3123 1109 3188 Robertus
1142 3121 1176 3184 in
1209 3120 1379 3183 auxilium

323 3217 499 3299 praedictis
524 3219 666 3283 miserat
693 3220 938 3300 desertoribus
965 3220 1091 3306 partim
1120 3219 1226 3295 caede,
1255 3220 1379 3301 partim

324 3316 519 3398 naufragio,
538 3329 806 3401 oppresserunt3
834 3318 978 3404 quorum
1005 3319 1145 3402 quidam
1168 3318 1286 3399 fugam
1307 3337 1379 3380 me·

325 3415 487 3489 ditantes„
506 3435 549 3478 ne
566 3419 638 3481 vivi
660 3426 879 3500 caperentur,
903 3421 995 3484 ultro
1022 3438 1098 3483 sese
1119 3417 1280 3481 fluctibus
1302 3419 1381 3481 sub

324 3519 526 3576 merserunt.

273 3651 331 3688 Plo.
367 3651 420 3688 uu.

274 3714 326 3788 35,
389 3714 419 3788 6,
427 3733 519 3797 popa
677 3717 899 3782 constituitur
915 3737 1018 3801 papa.

272 3873 323 3885 —-
390 3832 419 3911 7,
429 3855 524 3919 popa
676 3840 765 3906 aaut.

271 3997 323 4010 -
368 3959 419 4035 14,
438 3965 480 4119 to‘t
492 3957 625 4120 ordeaceos
677 3971 811 4028 tantam
826 3966 961 4048 copiam
978 3983 1054 4028 esse
1070 3964 1266 4028 credideris.

436 4077 457 4118 a
476 4077 518 4120 uu
563 4079 596 4120 ra

272 4217 324 4230 -
369 4181 420 4255 15,
435 4200 522 4340 corz.
537 4227 544 4243 .
558 4203 624 4245 aaa
677 4184 827 4248 fustibus
844 4194 879 4249 et
892 4185 1025 4250 baculis
1044 4184 1203 4266 arreptis.

436 4278 485 4340 oie
503 4287 559 4341 aot
