3150 4992
585 485 780 534 anemonas
804 485 937 533 viarm.
1246 471 1312 536 327

256 680 453 756 promptum
487 673 669 737 consilium
703 681 738 738 et
770 675 939 737 auxilium
970 681 1215 756 opportunum,
1248 674 1308 755 qui

252 772 335 856 jura
366 792 431 836 sua
465 772 595 837 detinet
630 773 800 837 violenter
830 781 864 837 et
891 772 1030 855 injuste,
1065 773 1238 854 praecipue
1272 772 1309 835 in

256 871 439 953 perniciem
456 871 547 953 regis
565 871 731 935 Lodovici
750 880 785 935 et
801 871 924 934 animae
945 859 1203 935 damnationem
1213 890 1222 947 ;
1250 870 1310 953 qui

256 969 442 1033 moriturus
476 970 656 1035 manifeste
689 969 867 1034 confessus
897 976 961 1046 est,
991 989 1029 1033 se
1054 968 1310 1052 inexpiabiliter

256 1087 418 1149 peccasse
444 1068 480 1131 iu
507 1089 622 1150 regem
642 1067 848 1150 Anglorum,
871 1067 1051 1132 retinendo
1069 1068 1152 1150 jura
1178 1087 1254 1143 sua,
1273 1074 1308 1131 et

256 1173 390 1248 postea,
419 1187 497 1230 cum
527 1174 619 1231 esset
644 1167 680 1230 iu
707 1166 849 1248 Anglia,
876 1174 1002 1231 terram
1031 1186 1128 1231 suam
1156 1166 1309 1229 redditu-

231 1324 233 1328 .
257 1285 356 1344 rum3
384 1286 462 1349 quae
485 1268 600 1329 omnia
621 1265 817 1330 dissimulat
839 1287 899 1331 rex
924 1265 1137 1330 Francorum
1165 1266 1308 1340 nescire,

258 1365 336 1446 plus
360 1364 525 1429 muliebre
548 1373 687 1428 secutus
715 1365 896 1429 consilium
924 1383 1028 1447 quam
1055 1383 1209 1427 normam
1230 1364 1308 1446 jus-

260 1463 358 1540 titiae,
376 1464 531 1528 timorem
557 1464 699 1527 Domini
725 1465 893 1527 ultionum
917 1462 1167 1547 postponendo.
1220 1461 1308 1525 Pro-

205 1609 212 1624 .
257 1562 350 1626 misit
370 1565 473 1626 etiam
498 1563 697 1645 imperator,
720 1570 760 1626 ut
783 1571 931 1627 extunc
954 1569 990 1626 et
1007 1561 1166 1644 deinceps
1191 1581 1307 1642 regem

257 1658 451 1741 Anglorum
476 1661 707 1744 praecaeteris
732 1662 850 1724 mundi
875 1660 1086 1744 principibus
1112 1660 1308 1742 specialius

257 1760 358 1840 quasi
374 1758 471 1823 filiali
494 1761 751 1842 amplexaretur
766 1758 963 1824 dilectione.
1016 1759 1185 1822 Remissis
1203 1759 1309 1839 igitur

256 1856 292 1918 in
309 1855 473 1938 Angliam
496 1859 566 1922 fere
583 1859 752 1921 universis
775 1859 956 1938 utriusque
973 1875 1078 1920 sexus
1101 1855 1308 1933 hominibus

256 1974 344 2036 quos
363 1958 460 2019 curia
478 1956 704 2038 imperatricis
730 1956 764 2017 in
789 1956 903 2036 patria
925 1954 1144 2030 educaverat,
1162 1956 1310 2036 impera·

256 2060 312 2116 tor
331 2054 583 2135 imperatricem
607 2054 868 2137 quamplurimis
891 2054 1025 2118 Mauris
1045 2053 1255 2138 spadonibus
1274 2063 1309 2118 et

256 2152 383 2216 vetulis
400 2153 506 2217 larvis
524 2152 757 2218 consimilibus
774 2153 1033 2217 custodiendam
1050 2152 1275 2236 mancipavit.

218 2291 274 2327 ΡΔΘ.
299 2291 349 2327 ΠΝ.

206 2353 282 2425 338,
300 2354 354 2427 29,
372 2362 400 2416 et
605 2352 648 2416 de
666 2373 746 2436 qua.

206 2475 280 2549 339,
298 2476 351 2549 22,
369 2473 557 2558 punitoribus
607 2475 891 2540 antecessoribus.

170 2647 173 2651 J
204 2637 256 2648 -
300 2598 353 2671 23,
363 2596 532 2680 ybdicotnr
609 2597 645 2661 O.
661 2598 723 2662 has
743 2620 789 2662 ou
815 2597 874 2663 the
897 2597 1044 2678 margin,
1065 2596 1174 2661 ‘Huc
1198 2617 1308 2682 usque

628 2716 647 2760 e
669 2704 807 2762 vetusto
833 2696 1042 2762 libro.’-—In
1068 2716 1089 2760 a
1107 2716 1191 2778 very
1212 2699 1308 2780 early

627 2795 718 2858 hand
734 2817 778 2860 on
794 2796 852 2860 the
863 2797 997 2877 margin
1012 2795 1052 2858 of
1061 2796 1103 2857 B.
1115 2796 1145 2858 is
1158 2796 1306 2873 written,

627 2893 820 2956 ‘Dominus
848 2893 1009 2974 Rogerus
1032 2891 1075 2956 de
1097 2892 1307 2971 Wendoure,

627 2991 722 3073 prior
738 2990 925 3073 aliquando
940 2991 983 3054 de
997 2991 1157 3066 Beluero,
1169 2989 1236 3054 huo
1250 3012 1304 3054 us-

627 3108 695 3170 que
710 3089 871 3153 chronica
888 3109 952 3153 sua
968 3088 1123 3170 digessit.
1177 3088 1305 3171 Incipit

626 3186 734 3251 frater
749 3186 913 3252 Matheus
930 3187 1160 3252 Parisiensis.’

204 3355 255 3367 -
300 3310 438 3386 24,le
450 3330 542 3395 nsque
605 3309 723 3374 mant.

374 3458 381 3473 .
397 3457 404 3472 .
417 3457 424 3474 .
436 3411 556 3474 nontin

371 3517 443 3572 ctas
