3150 4992
265 449 333 516 316
637 465 837 516 nrcrronrs
861 465 993 515 varin.

318 656 367 726 et,
398 648 493 712 iacta
523 646 789 724 examinatione,
823 647 1031 712 auctoritate
1064 647 1257 731 apostolica
1288 667 1370 712 con·

319 749 467 812 firmata.
514 746 767 824 Veruntamen,
788 747 873 828 quia
898 747 942 810 de
969 766 1118 828 persona
1143 748 1244 811 electi
1268 767 1368 830 papae

267 889 273 896 -
319 867 389 911 non
418 846 613 922 constabat,
645 846 740 910 dedit
767 865 921 909 summus
949 846 1107 928 pontifex
1135 846 1172 909 in
1198 847 1370 910 mandatis

319 945 450 1010 Eliensi
488 953 523 1009 et
554 943 766 1008 Londinensi
799 944 982 1028 episcopis,
1013 956 1063 1023 nt,
1101 944 1167 1009 rite
1200 944 1293 1010 sacta
1325 965 1371 1009 ex

317 1063 467 1128 persona
480 1043 581 1107 electi
596 1043 863 1121 examinatione,
880 1044 1027 1108 eundem
1051 1045 1088 1108 in
1108 1045 1268 1109 abbatem
1288 1065 1371 1108 con-

318 1145 491 1208 firmatum
510 1142 762 1220 benedicerent,
784 1143 886 1224 plene
907 1143 944 1206 in
964 1163 1097 1234 omnem
1119 1151 1191 1207 tam
1207 1144 1369 1227 spiritua-

319 1245 405 1308 lium
426 1261 531 1326 qnam
559 1242 800 1324 temporalium
830 1242 1161 1307 administrationem
1184 1244 1369 1307 instituen-

318 1352 385 1408 tes.
436 1342 524 1407 Post
546 1340 621 1405 haec
644 1348 760 1405 autem
780 1341 870 1404 idem
899 1341 1042 1420 electus,
1072 1342 1166 1406 facta
1188 1343 1367 1406 examina·

319 1442 413 1506 tione
430 1441 465 1505 in
478 1441 629 1504 crastino
644 1441 839 1504 nativitatis
856 1441 967 1505 beatae
985 1441 1121 1518 Mariae,
1138 1441 1174 1504 in
1185 1441 1369 1506 Dominica

318 1541 374 1605 die
400 1560 422 1605 a
443 1541 597 1621 Rogero,
620 1539 831 1603 Londinensi
852 1540 1026 1624 episcopo,
1044 1541 1126 1623 qnia
1143 1542 1244 1605 ambo
1262 1559 1370 1622 nego-

320 1641 406 1704 tium
424 1640 567 1722 exsequi
590 1658 660 1702 non
683 1646 845 1720 poterant
865 1641 972 1721 juxta
988 1640 1190 1704 mandatnm
1205 1639 1369 1723 apostoli-

319 1759 411 1815 cum,
439 1738 711 1802 benedictionem
741 1738 877 1801 abbatis
904 1738 1066 1820 suscepit.
1119 1739 1224 1820 Legit
1252 1746 1369 1802 autem

319 1839 452 1903 electus
467 1838 586 1902 literas
609 1837 746 1900 clausas
772 1845 808 1900 et
830 1836 980 1900 bullatas
998 1847 1080 1902 ante
1102 1837 1213 1902 altare
1227 1838 1370 1901 indutus

320 1937 520 2014 solenniter,
544 1936 667 2018 quibus
687 1943 792 2000 antea
809 1936 1002 2000 consimiles
1029 1956 1098 2000 non
1116 1937 1276 2012 vidimus
1304 1937 1371 2000 sci-

319 2038 413 2114 licet,
430 2037 473 2100 de
494 2036 705 2118 profectione
729 2041 764 2099 et
782 2035 962 2100 visitandis
986 2036 1221 2118 apostolorum
1243 2035 1370 2099 limini·

318 2136 436 2202 bnsde
453 2136 600 2201 triennio
616 2135 653 2198 in
668 2134 872 2216 triennium
897 2135 988 2217 quod
1000 2135 1370 2217 graviteraccepimns.

319 2236 388 2301 Sed
405 2235 480 2300 haec
497 2244 619 2318 postea
635 2233 781 2317 plenius.

278 2377 336 2414 ΡΔΒ.
360 2376 414 2414 un.

268 2440 343 2516 326,
360 2440 412 2515 22,
424 2446 614 2523 ponerentur
667 2436 895 2501 traderentur.

268 2560 343 2640 327,
385 2568 415 2640 5,
431 2562 592 2626 ordinaret
667 2558 857 2622 ordinando
868 2557 1021 2641 juvaret.
1059 2556 1170 2622 Novit
1182 2557 1274 2622 enim
1289 2577 1368 2622 eum

494 2659 617 2724 verdum
687 2676 841 2721 summus
855 2656 1012 2739 pontifex
1023 2657 1170 2739 pecunia
1179 2657 1367 2735 abundare,

421 2760 504 2841 fidei
518 2780 603 2842 ργα-
687 2761 734 2833 et,
761 2755 792 2818 si
822 2775 890 2818 non
921 2755 1124 2832 abundaret,
1151 2757 1368 2821 ministrante

430 2858 538 2924 dicore
688 2854 890 2937 episcopatu
930 2854 1165 2920 Wintoniensi
1214 2856 1370 2919 abunda·

688 2961 817 3030 turum,
848 2954 889 3018 ¹et
927 2953 1050 3018 maluit
1086 2973 1165 3018 enm
1195 2954 1368 3019 effundere

689 3053 890 3117 thesaurum
916 3054 1077 3118 suumin
1103 3072 1168 3117 suo
1190 3054 1368 3137 obsequio,

689 3171 794 3234 quam
815 3152 939 3216 alieno.
984 3151 1160 3218 Praeterea
1185 3152 1274 3216 idem
1297 3155 1370 3237 epi-

689 3269 816 3334 scopus
842 3258 916 3314 erat
937 3251 973 3314 in
1001 3252 1166 3334 obsequio
1190 3252 1283 3334 regis
1306 3252 1370 3316 Ri-

688 3350 808 3414 chardi
836 3350 1014 3414 bellatoris
1040 3350 1215 3432 magnifici
1246 3350 1369 3414 diebus

690 3450 932 3514 adolescentiae
954 3467 1038 3525 snae,
1059 3450 1118 3513 nbi
1142 3449 1221 3532 plus
1248 3450 1367 3514 didicit

689 3549 726 3612 in
743 3549 834 3613 bello
852 3549 1026 3625 dimicare,
1041 3555 1077 3612 et
1088 3557 1204 3613 castra
1220 3549 1367 3613 militum

624 3681 627 3686 ·
689 3647 860 3723 ordinare,
894 3666 999 3729 quam
1035 3647 1206 3730 evangelii
1239 3648 1370 3712 semina

689 3745 909 3828 praedicando
926 3747 1107 3811 seminare.

268 3882 344 3957 328,
361 3881 415 3956 30,
423 3876 504 3961 fidei
666 3868 735 3934 Dei
751 3875 787 3933 et
801 3867 892 3933 fidei.

268 4007 343 4080 330,
361 4006 416 4080 35,
431 4001 532 4066 oraclo
664 3993 757 4057 addit
773 3992 900 4069 Paris,
925 3999 961 4055 et
983 3992 1177 4055 animarum
1202 3992 1368 4056 oberran-

688 4092 775 4157 tium
791 4091 1084 4155 lucrificationem.

265 4269 316 4280 -
360 4222 413 4302 37,
424 4223 587 4310 perfectio,
664 4217 757 4283 addit
773 4216 901 4296 Paris,
916 4222 1038 4299 utpote
1053 4215 1219 4297 magister
1235 4214 1368 4279 Joban-
1560 4313 1561 4318 ἵ

1560 4321 1561 4392 i
