3150 4992
243 447 311 514 258
610 461 971 511 nucrrouns‘vnnrn.

255 590 313 626 PAO·
335 589 388 625 hut.

247 653 323 728 184,
340 652 392 727 12,
408 650 489 736 rapis
644 647 737 712 addit
755 646 881 725 Paris„
904 646 1037 711 scilicet
1057 646 1224 727 magister
1239 644 1351 708 Alex·

667 747 775 811 ander
816 747 860 810 de
902 745 1124 823 Stavenesse,
1165 745 1350 827 episcopus

669 845 875 920 Castrensis,
887 853 923 909 et
934 845 1101 926 magister
1115 844 1290 908 Henricus
1307 843 1351 906 de

555 971 560 980 ·
668 945 846 1023 stanford,
864 944 1038 1009 Roffensis
1055 945 1246 1026 episcopus.

249 1077 322 1151 186,
362 1075 391 1150 6,
407 1075 473 1160 rapi
644 1069 734 1133 deest.

249 1197 322 1276 187,
360 1203 391 1277 8,
407 1202 583 1285 confortant
646 1191 832 1257 delectant·

249 1325 323 1398 188,
340 1324 392 1398 23,
409 1332 438 1386 ot
452 1333 559 1388 cataro
649 1319 685 1382 0.
708 1318 847 1394 inserts,
870 1315 991 1381 ‘Nota
1013 1322 1128 1380 autem
1154 1317 1247 1397 quod
1271 1336 1351 1400 pro·

669 1418 871 1481 curantibus
893 1415 1060 1496 magistro
1083 1413 1285 1479 Alexandro
1307 1417 1350 1480 de

669 1515 887 1590 Stavenesbi,
910 1515 1098 1591 cestrensi,
1122 1521 1157 1578 et
1180 1515 1349 1598 magistro

672 1615 721 1680 H.
739 1615 782 1679 de
798 1613 958 1689 Sanford,
974 1613 1143 1690 Roffensi,
1163 1614 1347 1696 episcopis,

671 1723 707 1777 et
734 1713 941 1796 quibusdam
972 1713 1062 1789 aliis,
1091 1731 1236 1794 quorum
1262 1733 1349 1795 prae-

671 1813 794 1896 cipuus
814 1819 849 1876 et
872 1812 1072 1894 principalis
1097 1812 1164 1875 suit
1184 1812 1351 1892 magister

671 1911 852 1976 Johannes
887 1912 930 1975 de
963 1909 1150 1988 Haetotoft,
1180 1910 1350 1974 archidia-

670 2031 779 2076 conus
797 2010 1072 2087 BedefordensiS,
1094 2016 1281 2092 procurata
1296 2018 1350 2074 est

670 2110 840 2193 depositio
852 2111 1009 2191 magistri
1019 2108 1181 2185 Walteri,
1191 2108 1350 2172 monachi

672 2208 944 2286 Cantuariensis,
966 2227 1065 2273 secus
1089 2226 1192 2290 quam
1213 2208 1350 2272 deceret

670 2316 732 2373 aut
745 2309 925 2372 animabus
935 2327 1053 2371 eorum
1067 2307 1254 2389 expediret.
1281 2306 1349 2370 Sed

669 2408 743 2472 haec
776 2407 863 2470 satis
897 2407 1032 2489 prolixe
1062 2407 1098 2469 in
1129 2406 1349 2488 antescriptis

669 2506 914 2571 declarantur!

249 2639 326 2713 192,
363 2641 395 2714 4,
414 2636 549 2719 sydonis
648 2629 811 2712 Sydonis,
827 2630 862 2693 id
880 2637 935 2693 est
949 2629 1065 2693 Saete.

248 2762 322 2838 193,
342 2762 394 2835 13,
403 2756 500 2843 puori
645 2754 765 2835 patris.

246 2917 299 2929 —
343 2882 397 2958 24,
405 2901 468 2964 pro
483 2886 549 2942 roto
645 2876 764 2940 aroer.

248 3006 326 3082 194,
363 3007 393 3081 3,
414 3003 599 3067 Notondrun
647 2998 761 3062 These
785 3007 855 3063 two
880 2998 1040 3080 chapters
1060 3017 1119 3062 are
1141 2999 1296 3080 wanting
1313 2999 1350 3061 in

416 3111 599 3166 ...domn-
671 3097 792 3174 Paris;
820 3097 956 3161 instead
977 3097 1018 3161 of
1034 3097 1146 3161 which
1170 3097 1201 3160 is
1226 3099 1349 3162 insert-

413 3200 462 3264 dit
477 3202 522 3265 eir
670 3197 712 3262 cd
730 3217 752 3260 a
770 3196 990 3279 description,
1010 3197 1216 3279 apparently
1233 3196 1274 3260 of
1292 3197 1351 3260 the

669 3303 770 3377 grem
780 3295 853 3360 seal
865 3294 1027 3358 attached
1038 3303 1074 3360 to
1090 3296 1148 3359 the
1164 3296 1351 3377 emperor's

671 3394 756 3471 hull,
771 3414 811 3458 as
825 3393 977 3471 follows3
1000 3394 1147 3457 ‘Forma
1164 3395 1269 3458 bullae
1286 3393 1351 3456 im·

670 3494 841 3575 peratoris
858 3511 972 3556 aureae
989 3499 1064 3556 erat
1082 3493 1162 3556 talis
1176 3512 1185 3572 ;
1209 3492 1266 3555 Ex
1281 3511 1352 3555 una

670 3599 769 3673 parte
786 3597 862 3654 erat
876 3592 992 3672 imago
1009 3591 1117 3673 regia,
1133 3598 1168 3655 et
1184 3591 1350 3672 scriptum

670 3690 706 3751 in
723 3690 881 3765 circuitu,
896 3696 906 3724 ‘
919 3690 1134 3766 Fredericus‚
1152 3690 1221 3754 Dei
1236 3690 1351 3770 gratia

672 3788 908 3852 Romanorum
934 3789 1123 3871 imperator
1151 3796 1186 3852 et
1216 3807 1352 3869 semper

670 3884 877 3968 Augustus?
929 3887 984 3951 Ex
1001 3906 1071 3951 una
1087 3896 1187 3970 parte
1204 3906 1287 3951 vero
1301 3906 1351 3950 re-

670 3985 760 4066 galis
783 3985 956 4066 imaginis,
986 3985 1119 4050 scilicet
1140 4006 1244 4070 super
1265 3986 1353 4049 dex-.

670 4092 760 4146 trum
777 4083 967 4160 humerum,
984 4085 1148 4167 scriptum
1168 4091 1234 4160 est,
1246 4090 1256 4118 ‘
1270 4084 1351 4148 Rex

670 4179 865 4245 Jerusalem
880 4183 901 4261 ;’
925 4183 1053 4246 exalia
1075 4189 1174 4265 parte
1195 4183 1349 4267 ejusdem
