<?xml version="1.0" encoding="UTF-8"?>
<!DOCTYPE html PUBLIC "-//W3C//DTD XHTML 1.0 Transitional//EN"
    "http://www.w3.org/TR/xhtml1/DTD/xhtml1-transitional.dtd">
<html xmlns="http://www.w3.org/1999/xhtml" xml:lang="en" lang="en">
 <head>
  <title>
</title>
<meta http-equiv="Content-Type" content="text/html;charset=utf-8" />
  <meta name='ocr-system' content='tesseract 3.04.00' />
  <meta name='ocr-capabilities' content='ocr_page ocr_carea ocr_par ocr_line ocrx_word'/>
</head>
<body>
  <div class='ocr_page' id='page_1' title='image "appendixadroger00parigoog_0153.png"; bbox 0 0 3150 4992; ppageno 0'>
   <div class='ocr_carea' id='block_1_1' title="bbox 240 441 966 518">
    <p class='ocr_par' dir='ltr' id='par_1_1' title="bbox 240 441 966 518">
     <span class='ocr_line' id='line_1_1' title="bbox 240 441 966 518; baseline 0.001 -5"><span class='ocrx_word' id='word_1_1' title='bbox 240 451 305 514; x_wconf 79' lang='lat'>132</span> <span class='ocrx_word' id='word_1_2' title='bbox 613 441 811 518; x_wconf 74' lang='lat' dir='ltr'>suerronns</span> <span class='ocrx_word' id='word_1_3' title='bbox 834 462 966 517; x_wconf 72' lang='lat' dir='ltr'>vnmn.</span> 
     </span>
    </p>
   </div>
   <div class='ocr_carea' id='block_1_2' title="bbox 293 647 1350 932">
    <p class='ocr_par' dir='ltr' id='par_1_2' title="bbox 293 647 1350 932">
     <span class='ocr_line' id='line_1_2' title="bbox 294 647 1349 731; baseline -0.002 -19"><span class='ocrx_word' id='word_1_4' title='bbox 294 649 420 731; x_wconf 84' lang='lat' dir='ltr'>gaudio</span> <span class='ocrx_word' id='word_1_5' title='bbox 435 649 648 714; x_wconf 84' lang='lat' dir='ltr'>liberationis</span> <span class='ocrx_word' id='word_1_6' title='bbox 659 669 744 728; x_wconf 90' lang='lat' dir='ltr'>suae,</span> <span class='ocrx_word' id='word_1_7' title='bbox 756 651 1008 715; x_wconf 81' lang='lat' dir='ltr'>convivantem.</span> <span class='ocrx_word' id='word_1_8' title='bbox 1047 647 1159 728; x_wconf 84' lang='lat' dir='ltr'>Quem</span> <span class='ocrx_word' id='word_1_9' title='bbox 1176 647 1349 731; x_wconf 88' lang='lat' dir='ltr'>Sylvanus</span> 
     </span>
     <span class='ocr_line' id='line_1_3' title="bbox 293 749 1347 832; baseline -0.002 -20"><span class='ocrx_word' id='word_1_10' title='bbox 293 769 448 812; x_wconf 91' lang='lat' dir='ltr'>seorsum</span> <span class='ocrx_word' id='word_1_11' title='bbox 471 769 620 814; x_wconf 89' lang='lat' dir='ltr'>evocans</span> <span class='ocrx_word' id='word_1_12' title='bbox 643 758 678 814; x_wconf 94' lang='lat' dir='ltr'>et</span> <span class='ocrx_word' id='word_1_13' title='bbox 694 751 860 815; x_wconf 89' lang='lat' dir='ltr'>secretius</span> <span class='ocrx_word' id='word_1_14' title='bbox 880 750 1072 832; x_wconf 76' lang='lat' dir='ltr'>alloquenS,</span> <span class='ocrx_word' id='word_1_15' title='bbox 1088 750 1171 831; x_wconf 88' lang='lat' dir='ltr'>quia</span> <span class='ocrx_word' id='word_1_16' title='bbox 1190 749 1347 830; x_wconf 82' lang='lat' dir='ltr'>ignotum</span> 
     </span>
     <span class='ocr_line' id='line_1_4' title="bbox 296 846 1350 932; baseline 0 -21"><span class='ocrx_word' id='word_1_17' title='bbox 296 868 333 912; x_wconf 86' lang='lat' dir='ltr'>se</span> <span class='ocrx_word' id='word_1_18' title='bbox 360 849 548 926; x_wconf 87' lang='lat' dir='ltr'>simulavit,</span> <span class='ocrx_word' id='word_1_19' title='bbox 572 849 674 927; x_wconf 85' lang='lat' dir='ltr'>dixit,</span> <span class='ocrx_word' id='word_1_20' title='bbox 696 850 854 927; x_wconf 66' lang='lat' dir='ltr'>‘Amica</span> <span class='ocrx_word' id='word_1_21' title='bbox 881 849 985 912; x_wconf 91' lang='lat' dir='ltr'>redde</span> <span class='ocrx_word' id='word_1_22' title='bbox 1007 848 1098 932; x_wconf 90' lang='lat' dir='ltr'>quod</span> <span class='ocrx_word' id='word_1_23' title='bbox 1125 848 1254 912; x_wconf 67' lang='lat' dir='ltr'>debes!</span> <span class='ocrx_word' id='word_1_24' title='bbox 1298 846 1350 911; x_wconf 85' lang='lat' dir='ltr'>At</span> 
     </span>
    </p>
   </div>
   <div class='ocr_carea' id='block_1_3' title="bbox 296 947 1450 1032">
    <p class='ocr_par' dir='ltr' id='par_1_3' title="bbox 296 947 1450 1032">
     <span class='ocr_line' id='line_1_5' title="bbox 296 947 1450 1032; baseline 0 -22"><span class='ocrx_word' id='word_1_25' title='bbox 296 949 370 1030; x_wconf 91' lang='lat' dir='ltr'>ipse</span> <span class='ocrx_word' id='word_1_26' title='bbox 386 957 485 1013; x_wconf 89' lang='lat' dir='ltr'>torvo</span> <span class='ocrx_word' id='word_1_27' title='bbox 503 951 600 1012; x_wconf 92' lang='lat' dir='ltr'>vultu</span> <span class='ocrx_word' id='word_1_28' title='bbox 620 950 809 1032; x_wconf 85' lang='lat' dir='ltr'>respondit,</span> <span class='ocrx_word' id='word_1_29' title='bbox 827 948 940 1027; x_wconf 82' lang='lat' dir='ltr'>‘Quis</span> <span class='ocrx_word' id='word_1_30' title='bbox 958 951 1022 1012; x_wconf 81' lang='lat' dir='ltr'>tul</span> <span class='ocrx_word' id='word_1_31' title='bbox 1075 947 1168 1028; x_wconf 84' lang='lat' dir='ltr'>Quid</span> <span class='ocrx_word' id='word_1_32' title='bbox 1197 947 1310 1028; x_wconf 83' lang='lat' dir='ltr'>exigis</span> <span class='ocrx_word' id='word_1_33' title='bbox 1321 947 1348 1010; x_wconf 80' lang='lat' dir='ltr'>l&#39;</span> <span class='ocrx_word' id='word_1_34' title='bbox 1444 955 1450 964; x_wconf 97' lang='grc'>’</span> 
     </span>
    </p>
   </div>
   <div class='ocr_carea' id='block_1_4' title="bbox 231 1047 1351 2725">
    <p class='ocr_par' dir='ltr' id='par_1_4' title="bbox 231 1047 1351 2725">
     <span class='ocr_line' id='line_1_6' title="bbox 295 1047 1349 1131; baseline -0.002 -20"><span class='ocrx_word' id='word_1_35' title='bbox 295 1047 347 1111; x_wconf 86' lang='lat' dir='ltr'>At</span> <span class='ocrx_word' id='word_1_36' title='bbox 360 1049 431 1123; x_wconf 91' lang='lat' dir='ltr'>ille,</span> <span class='ocrx_word' id='word_1_37' title='bbox 446 1055 455 1082; x_wconf 92' lang='lat'>‘</span> <span class='ocrx_word' id='word_1_38' title='bbox 470 1047 673 1131; x_wconf 83' lang='lat' dir='ltr'>Quingenta</span> <span class='ocrx_word' id='word_1_39' title='bbox 686 1049 820 1115; x_wconf 90' lang='lat' dir='ltr'>talenta</span> <span class='ocrx_word' id='word_1_40' title='bbox 836 1049 921 1112; x_wconf 93' lang='lat' dir='ltr'>mihi</span> <span class='ocrx_word' id='word_1_41' title='bbox 937 1067 960 1112; x_wconf 90' lang='lat' dir='ltr'>a</span> <span class='ocrx_word' id='word_1_42' title='bbox 972 1055 1007 1112; x_wconf 90' lang='lat' dir='ltr'>te</span> <span class='ocrx_word' id='word_1_43' title='bbox 1024 1068 1086 1130; x_wconf 92' lang='lat' dir='ltr'>pro</span> <span class='ocrx_word' id='word_1_44' title='bbox 1104 1047 1268 1110; x_wconf 85' lang='lat' dir='ltr'>beneficio</span> <span class='ocrx_word' id='word_1_45' title='bbox 1286 1047 1349 1110; x_wconf 84' lang='lat' dir='ltr'>tibi</span> 
     </span>
     <span class='ocr_line' id='line_1_7' title="bbox 296 1147 1350 1231; baseline -0.001 -22"><span class='ocrx_word' id='word_1_46' title='bbox 296 1147 388 1213; x_wconf 87' lang='lat' dir='ltr'>facto</span> <span class='ocrx_word' id='word_1_47' title='bbox 404 1168 449 1212; x_wconf 85' lang='lat' dir='ltr'>ex</span> <span class='ocrx_word' id='word_1_48' title='bbox 463 1154 567 1230; x_wconf 90' lang='lat' dir='ltr'>pacto</span> <span class='ocrx_word' id='word_1_49' title='bbox 578 1148 771 1231; x_wconf 67' lang='lat' dir='ltr'>promissa!</span> <span class='ocrx_word' id='word_1_50' title='bbox 823 1148 873 1213; x_wconf 88' lang='lat' dir='ltr'>At</span> <span class='ocrx_word' id='word_1_51' title='bbox 886 1147 1027 1225; x_wconf 91' lang='lat' dir='ltr'>Vitalis,</span> <span class='ocrx_word' id='word_1_52' title='bbox 1039 1154 1049 1183; x_wconf 91' lang='lat'>‘</span> <span class='ocrx_word' id='word_1_53' title='bbox 1062 1147 1120 1211; x_wconf 91' lang='lat' dir='ltr'>lta</span> <span class='ocrx_word' id='word_1_54' title='bbox 1136 1154 1206 1211; x_wconf 89' lang='lat' dir='ltr'>tam</span> <span class='ocrx_word' id='word_1_55' title='bbox 1226 1147 1350 1210; x_wconf 91' lang='lat' dir='ltr'>leniter</span> 
     </span>
     <span class='ocr_line' id='line_1_8' title="bbox 295 1246 1349 1331; baseline -0.001 -22"><span class='ocrx_word' id='word_1_56' title='bbox 295 1247 403 1311; x_wconf 88' lang='lat' dir='ltr'>velles</span> <span class='ocrx_word' id='word_1_57' title='bbox 429 1249 568 1324; x_wconf 84' lang='lat' dir='ltr'>lucrari,</span> <span class='ocrx_word' id='word_1_58' title='bbox 594 1267 672 1329; x_wconf 87' lang='lat' dir='ltr'>quae</span> <span class='ocrx_word' id='word_1_59' title='bbox 700 1269 765 1330; x_wconf 83' lang='lat' dir='ltr'>ego</span> <span class='ocrx_word' id='word_1_60' title='bbox 787 1269 849 1331; x_wconf 89' lang='lat' dir='ltr'>per</span> <span class='ocrx_word' id='word_1_61' title='bbox 873 1248 980 1328; x_wconf 81' lang='lat' dir='ltr'>longa</span> <span class='ocrx_word' id='word_1_62' title='bbox 1000 1256 1157 1329; x_wconf 88' lang='lat' dir='ltr'>tempora</span> <span class='ocrx_word' id='word_1_63' title='bbox 1178 1246 1349 1309; x_wconf 86' lang='lat' dir='ltr'>laboriose</span> 
     </span>
     <span class='ocr_line' id='line_1_9' title="bbox 295 1345 1349 1430; baseline -0.003 -20"><span class='ocrx_word' id='word_1_64' title='bbox 295 1348 463 1428; x_wconf 88' lang='lat' dir='ltr'>acquisivi</span> <span class='ocrx_word' id='word_1_65' title='bbox 474 1348 500 1410; x_wconf 80' lang='lat' dir='ltr'>l’</span> <span class='ocrx_word' id='word_1_66' title='bbox 527 1355 562 1411; x_wconf 88' lang='lat' dir='ltr'>et</span> <span class='ocrx_word' id='word_1_67' title='bbox 577 1349 742 1430; x_wconf 84' lang='lat' dir='ltr'>praecepit</span> <span class='ocrx_word' id='word_1_68' title='bbox 757 1349 897 1423; x_wconf 81' lang='lat' dir='ltr'>familiae</span> <span class='ocrx_word' id='word_1_69' title='bbox 912 1366 985 1411; x_wconf 73' lang='lat' dir='ltr'>suae</span> <span class='ocrx_word' id='word_1_70' title='bbox 999 1354 1040 1411; x_wconf 91' lang='lat' dir='ltr'>ut</span> <span class='ocrx_word' id='word_1_71' title='bbox 1054 1353 1236 1429; x_wconf 88' lang='lat' dir='ltr'>caperetur</span> <span class='ocrx_word' id='word_1_72' title='bbox 1248 1345 1349 1426; x_wconf 87' lang='lat' dir='ltr'>quasi</span> 
     </span>
     <span class='ocr_line' id='line_1_10' title="bbox 296 1432 1349 1529; baseline -0.001 -21"><span class='ocrx_word' id='word_1_73' title='bbox 296 1446 458 1524; x_wconf 85' lang='lat' dir='ltr'>delirans,</span> <span class='ocrx_word' id='word_1_74' title='bbox 481 1467 545 1529; x_wconf 89' lang='lat' dir='ltr'>pro</span> <span class='ocrx_word' id='word_1_75' title='bbox 571 1454 671 1510; x_wconf 86' lang='lat' dir='ltr'>tanta</span> <span class='ocrx_word' id='word_1_76' title='bbox 696 1449 891 1511; x_wconf 87' lang='lat' dir='ltr'>temeritate</span> <span class='ocrx_word' id='word_1_77' title='bbox 917 1432 1194 1512; x_wconf 74' lang='lat' dir='ltr'>iricarcerandus</span> <span class='ocrx_word' id='word_1_78' title='bbox 1246 1443 1349 1522; x_wconf 84' lang='lat' dir='ltr'>Quod</span> 
     </span>
     <span class='ocr_line' id='line_1_11' title="bbox 296 1539 1351 1629; baseline -0.002 -21"><span class='ocrx_word' id='word_1_79' title='bbox 296 1539 468 1628; x_wconf 89' lang='lat' dir='ltr'>Sylvanus</span> <span class='ocrx_word' id='word_1_80' title='bbox 498 1546 694 1628; x_wconf 83' lang='lat' dir='ltr'>intelligens</span> <span class='ocrx_word' id='word_1_81' title='bbox 719 1548 898 1629; x_wconf 90' lang='lat' dir='ltr'>repentino</span> <span class='ocrx_word' id='word_1_82' title='bbox 917 1547 1010 1610; x_wconf 88' lang='lat' dir='ltr'>saltu</span> <span class='ocrx_word' id='word_1_83' title='bbox 1033 1564 1055 1609; x_wconf 91' lang='lat' dir='ltr'>a</span> <span class='ocrx_word' id='word_1_84' title='bbox 1080 1546 1183 1611; x_wconf 91' lang='lat' dir='ltr'>domo</span> <span class='ocrx_word' id='word_1_85' title='bbox 1203 1544 1351 1620; x_wconf 87' lang='lat' dir='ltr'>exilivit,</span> 
     </span>
     <span class='ocr_line' id='line_1_12' title="bbox 294 1644 1346 1729; baseline -0.002 -21"><span class='ocrx_word' id='word_1_86' title='bbox 294 1653 329 1709; x_wconf 92' lang='lat' dir='ltr'>et</span> <span class='ocrx_word' id='word_1_87' title='bbox 346 1646 485 1709; x_wconf 86' lang='lat' dir='ltr'>veniens</span> <span class='ocrx_word' id='word_1_88' title='bbox 501 1645 543 1708; x_wconf 86' lang='lat' dir='ltr'>ad</span> <span class='ocrx_word' id='word_1_89' title='bbox 560 1648 758 1728; x_wconf 85' lang='lat' dir='ltr'>praetorium</span> <span class='ocrx_word' id='word_1_90' title='bbox 776 1647 851 1711; x_wconf 90' lang='lat' dir='ltr'>haec</span> <span class='ocrx_word' id='word_1_91' title='bbox 870 1647 987 1710; x_wconf 93' lang='lat' dir='ltr'>omnia</span> <span class='ocrx_word' id='word_1_92' title='bbox 1000 1645 1176 1729; x_wconf 91' lang='lat' dir='ltr'>judicibus</span> <span class='ocrx_word' id='word_1_93' title='bbox 1193 1644 1346 1708; x_wconf 87' lang='lat' dir='ltr'>civitatis</span> 
     </span>
     <span class='ocr_line' id='line_1_13' title="bbox 297 1745 1350 1828; baseline -0.002 -21"><span class='ocrx_word' id='word_1_94' title='bbox 297 1746 449 1809; x_wconf 86' lang='lat' dir='ltr'>seriatim</span> <span class='ocrx_word' id='word_1_95' title='bbox 465 1745 647 1809; x_wconf 87' lang='lat' dir='ltr'>intimavit.</span> <span class='ocrx_word' id='word_1_96' title='bbox 687 1746 849 1825; x_wconf 83' lang='lat' dir='ltr'>Quicum</span> <span class='ocrx_word' id='word_1_97' title='bbox 866 1767 935 1809; x_wconf 91' lang='lat' dir='ltr'>nou</span> <span class='ocrx_word' id='word_1_98' title='bbox 951 1747 1054 1828; x_wconf 92' lang='lat' dir='ltr'>plane</span> <span class='ocrx_word' id='word_1_99' title='bbox 1069 1745 1258 1819; x_wconf 87' lang='lat' dir='ltr'>crederent,</span> <span class='ocrx_word' id='word_1_100' title='bbox 1274 1762 1350 1806; x_wconf 88' lang='lat' dir='ltr'>nar-</span> 
     </span>
     <span class='ocr_line' id='line_1_14' title="bbox 294 1844 1349 1927; baseline -0.002 -20"><span class='ocrx_word' id='word_1_101' title='bbox 294 1845 387 1908; x_wconf 89' lang='lat' dir='ltr'>ravit</span> <span class='ocrx_word' id='word_1_102' title='bbox 410 1844 619 1919; x_wconf 85' lang='lat' dir='ltr'>incredibile,</span> <span class='ocrx_word' id='word_1_103' title='bbox 647 1847 833 1910; x_wconf 85' lang='lat' dir='ltr'>ostendens</span> <span class='ocrx_word' id='word_1_104' title='bbox 858 1865 1028 1924; x_wconf 71' lang='lat' dir='ltr'>gemmam</span> <span class='ocrx_word' id='word_1_105' title='bbox 1050 1846 1116 1908; x_wconf 93' lang='lat' dir='ltr'>sibi</span> <span class='ocrx_word' id='word_1_106' title='bbox 1142 1863 1165 1908; x_wconf 86' lang='lat' dir='ltr'>a</span> <span class='ocrx_word' id='word_1_107' title='bbox 1189 1849 1349 1927; x_wconf 81' lang='lat' dir='ltr'>serpente</span> 
     </span>
     <span class='ocr_line' id='line_1_15' title="bbox 295 1944 1350 2024; baseline -0.002 -18"><span class='ocrx_word' id='word_1_108' title='bbox 295 1945 486 2024; x_wconf 86' lang='lat' dir='ltr'>gratiarum</span> <span class='ocrx_word' id='word_1_109' title='bbox 515 1944 592 2008; x_wconf 93' lang='lat' dir='ltr'>loco</span> <span class='ocrx_word' id='word_1_110' title='bbox 620 1944 757 2024; x_wconf 83' lang='lat' dir='ltr'>datam3</span> <span class='ocrx_word' id='word_1_111' title='bbox 788 1953 824 2010; x_wconf 89' lang='lat' dir='ltr'>et</span> <span class='ocrx_word' id='word_1_112' title='bbox 851 1946 944 2009; x_wconf 90' lang='lat' dir='ltr'>illico</span> <span class='ocrx_word' id='word_1_113' title='bbox 969 1965 1059 2008; x_wconf 92' lang='lat' dir='ltr'>unus</span> <span class='ocrx_word' id='word_1_114' title='bbox 1086 1944 1225 2022; x_wconf 90' lang='lat' dir='ltr'>civium,</span> <span class='ocrx_word' id='word_1_115' title='bbox 1249 1962 1350 2024; x_wconf 89' lang='lat' dir='ltr'>quem</span> 
     </span>
     <span class='ocr_line' id='line_1_16' title="bbox 295 2043 1350 2127; baseline -0.001 -21"><span class='ocrx_word' id='word_1_116' title='bbox 295 2044 406 2107; x_wconf 88' lang='lat' dir='ltr'>virtus</span> <span class='ocrx_word' id='word_1_117' title='bbox 426 2043 552 2125; x_wconf 91' lang='lat' dir='ltr'>lapidis</span> <span class='ocrx_word' id='word_1_118' title='bbox 583 2064 652 2109; x_wconf 90' lang='lat' dir='ltr'>non</span> <span class='ocrx_word' id='word_1_119' title='bbox 677 2045 820 2122; x_wconf 88' lang='lat' dir='ltr'>latebat,</span> <span class='ocrx_word' id='word_1_120' title='bbox 842 2046 956 2127; x_wconf 87' lang='lat' dir='ltr'>ipsum</span> <span class='ocrx_word' id='word_1_121' title='bbox 980 2064 1105 2125; x_wconf 83' lang='lat' dir='ltr'>magno</span> <span class='ocrx_word' id='word_1_122' title='bbox 1128 2045 1240 2126; x_wconf 91' lang='lat' dir='ltr'>pretio</span> <span class='ocrx_word' id='word_1_123' title='bbox 1261 2062 1350 2105; x_wconf 92' lang='lat' dir='ltr'>com-</span> 
     </span>
     <span class='ocr_line' id='line_1_17' title="bbox 295 2143 1350 2225; baseline -0.002 -19"><span class='ocrx_word' id='word_1_124' title='bbox 295 2144 444 2225; x_wconf 86' lang='lat' dir='ltr'>paravit.</span> <span class='ocrx_word' id='word_1_125' title='bbox 507 2143 557 2207; x_wconf 94' lang='lat' dir='ltr'>Ut</span> <span class='ocrx_word' id='word_1_126' title='bbox 588 2153 703 2208; x_wconf 87' lang='lat' dir='ltr'>autem</span> <span class='ocrx_word' id='word_1_127' title='bbox 734 2163 852 2209; x_wconf 92' lang='lat' dir='ltr'>omnes</span> <span class='ocrx_word' id='word_1_128' title='bbox 879 2145 958 2208; x_wconf 90' lang='lat' dir='ltr'>inde</span> <span class='ocrx_word' id='word_1_129' title='bbox 987 2145 1146 2207; x_wconf 88' lang='lat' dir='ltr'>redderet</span> <span class='ocrx_word' id='word_1_130' title='bbox 1176 2143 1350 2218; x_wconf 87' lang='lat' dir='ltr'>certiores,</span> 
     </span>
     <span class='ocr_line' id='line_1_18' title="bbox 231 2241 1348 2325; baseline -0.002 -19"><span class='ocrx_word' id='word_1_131' title='bbox 231 2288 234 2292; x_wconf 75' lang='lat'>,</span> <span class='ocrx_word' id='word_1_132' title='bbox 295 2242 470 2325; x_wconf 87' lang='lat' dir='ltr'>Sylvanus</span> <span class='ocrx_word' id='word_1_133' title='bbox 492 2243 628 2325; x_wconf 87' lang='lat' dir='ltr'>aliquos</span> <span class='ocrx_word' id='word_1_134' title='bbox 650 2245 693 2308; x_wconf 90' lang='lat' dir='ltr'>de</span> <span class='ocrx_word' id='word_1_135' title='bbox 718 2245 852 2308; x_wconf 87' lang='lat' dir='ltr'>civibus</span> <span class='ocrx_word' id='word_1_136' title='bbox 875 2245 977 2308; x_wconf 86' lang='lat' dir='ltr'>duxit</span> <span class='ocrx_word' id='word_1_137' title='bbox 998 2244 1042 2307; x_wconf 92' lang='lat' dir='ltr'>ad</span> <span class='ocrx_word' id='word_1_138' title='bbox 1068 2242 1214 2306; x_wconf 89' lang='lat' dir='ltr'>latibula</span> <span class='ocrx_word' id='word_1_139' title='bbox 1239 2241 1348 2306; x_wconf 89' lang='lat' dir='ltr'>leonis</span> 
     </span>
     <span class='ocr_line' id='line_1_19' title="bbox 295 2340 1349 2426; baseline -0.002 -21"><span class='ocrx_word' id='word_1_140' title='bbox 295 2351 330 2407; x_wconf 92' lang='lat' dir='ltr'>et</span> <span class='ocrx_word' id='word_1_141' title='bbox 341 2344 522 2426; x_wconf 78' lang='lat' dir='ltr'>serpentiS,</span> <span class='ocrx_word' id='word_1_142' title='bbox 535 2344 594 2425; x_wconf 93' lang='lat' dir='ltr'>qui</span> <span class='ocrx_word' id='word_1_143' title='bbox 610 2345 723 2407; x_wconf 90' lang='lat' dir='ltr'>adhuc</span> <span class='ocrx_word' id='word_1_144' title='bbox 740 2346 808 2426; x_wconf 90' lang='lat' dir='ltr'>ipsi</span> <span class='ocrx_word' id='word_1_145' title='bbox 823 2344 977 2426; x_wconf 90' lang='lat' dir='ltr'>Sylvano</span> <span class='ocrx_word' id='word_1_146' title='bbox 992 2352 1156 2425; x_wconf 89' lang='lat' dir='ltr'>tanquam</span> <span class='ocrx_word' id='word_1_147' title='bbox 1171 2340 1349 2405; x_wconf 91' lang='lat' dir='ltr'>liberatori</span> 
     </span>
     <span class='ocr_line' id='line_1_20' title="bbox 296 2439 1351 2527; baseline -0.003 -22"><span class='ocrx_word' id='word_1_148' title='bbox 296 2442 556 2525; x_wconf 82' lang='lat' dir='ltr'>applauserunt.</span> <span class='ocrx_word' id='word_1_149' title='bbox 603 2441 793 2508; x_wconf 89' lang='lat' dir='ltr'>Certificati</span> <span class='ocrx_word' id='word_1_150' title='bbox 810 2445 916 2525; x_wconf 87' lang='lat' dir='ltr'>igitur</span> <span class='ocrx_word' id='word_1_151' title='bbox 925 2443 1061 2527; x_wconf 88' lang='lat' dir='ltr'>judiees</span> <span class='ocrx_word' id='word_1_152' title='bbox 1077 2442 1229 2505; x_wconf 90' lang='lat' dir='ltr'>civitatis</span> <span class='ocrx_word' id='word_1_153' title='bbox 1242 2441 1285 2505; x_wconf 91' lang='lat' dir='ltr'>de</span> <span class='ocrx_word' id='word_1_154' title='bbox 1300 2439 1351 2502; x_wconf 88' lang='lat' dir='ltr'>rei</span> 
     </span>
     <span class='ocr_line' id='line_1_21' title="bbox 295 2539 1350 2624; baseline -0.004 -19"><span class='ocrx_word' id='word_1_155' title='bbox 295 2541 441 2605; x_wconf 89' lang='lat' dir='ltr'>veritate</span> <span class='ocrx_word' id='word_1_156' title='bbox 469 2542 708 2622; x_wconf 90' lang='lat' dir='ltr'>compulerunt</span> <span class='ocrx_word' id='word_1_157' title='bbox 737 2543 889 2607; x_wconf 89' lang='lat' dir='ltr'>Vitalem</span> <span class='ocrx_word' id='word_1_158' title='bbox 921 2543 1061 2607; x_wconf 87' lang='lat' dir='ltr'>reddere</span> <span class='ocrx_word' id='word_1_159' title='bbox 1087 2561 1166 2624; x_wconf 84' lang='lat' dir='ltr'>quae</span> <span class='ocrx_word' id='word_1_160' title='bbox 1194 2539 1350 2624; x_wconf 91' lang='lat' dir='ltr'>promisit</span> 
     </span>
     <span class='ocr_line' id='line_1_22' title="bbox 295 2639 1347 2725; baseline -0.002 -23"><span class='ocrx_word' id='word_1_161' title='bbox 295 2648 330 2702; x_wconf 91' lang='lat' dir='ltr'>et</span> <span class='ocrx_word' id='word_1_162' title='bbox 344 2639 543 2704; x_wconf 87' lang='lat' dir='ltr'>satisfacere</span> <span class='ocrx_word' id='word_1_163' title='bbox 560 2661 623 2722; x_wconf 88' lang='lat' dir='ltr'>pro</span> <span class='ocrx_word' id='word_1_164' title='bbox 638 2641 776 2725; x_wconf 87' lang='lat' dir='ltr'>injuria.</span> <span class='ocrx_word' id='word_1_165' title='bbox 831 2641 920 2705; x_wconf 89' lang='lat' dir='ltr'>Haec</span> <span class='ocrx_word' id='word_1_166' title='bbox 933 2642 1101 2706; x_wconf 80' lang='lat' dir='ltr'>referebat</span> <span class='ocrx_word' id='word_1_167' title='bbox 1118 2660 1180 2704; x_wconf 87' lang='lat' dir='ltr'>rex</span> <span class='ocrx_word' id='word_1_168' title='bbox 1199 2639 1347 2703; x_wconf 88' lang='lat' dir='ltr'>Richar-</span> 
     </span>
    </p>
   </div>
   <div class='ocr_carea' id='block_1_5' title="bbox 295 2738 1348 2823">
    <p class='ocr_par' dir='ltr' id='par_1_5' title="bbox 295 2738 1348 2823">
     <span class='ocr_line' id='line_1_23' title="bbox 295 2738 1348 2823; baseline 0 -22"><span class='ocrx_word' id='word_1_169' title='bbox 295 2740 359 2801; x_wconf 92' lang='lat' dir='ltr'>dus</span> <span class='ocrx_word' id='word_1_170' title='bbox 371 2739 565 2816; x_wconf 87' lang='lat' dir='ltr'>munificus,</span> <span class='ocrx_word' id='word_1_171' title='bbox 582 2741 738 2822; x_wconf 83' lang='lat' dir='ltr'>ingratos</span> <span class='ocrx_word' id='word_1_172' title='bbox 758 2741 1220 2823; x_wconf 76' lang='lat' dir='ltr'>redarguendo-Inserted</span> <span class='ocrx_word' id='word_1_173' title='bbox 1239 2738 1287 2803; x_wconf 89' lang='lat' dir='ltr'>all</span> <span class='ocrx_word' id='word_1_174' title='bbox 1302 2739 1348 2820; x_wconf 91' lang='lat' dir='ltr'>by</span> 
     </span>
    </p>
   </div>
   <div class='ocr_carea' id='block_1_6' title="bbox 243 2838 630 3000">
    <p class='ocr_par' dir='ltr' id='par_1_6' title="bbox 243 2838 630 3000">
     <span class='ocr_line' id='line_1_24' title="bbox 297 2838 630 2903; baseline 0.006 -2"><span class='ocrx_word' id='word_1_175' title='bbox 297 2838 409 2902; x_wconf 88' lang='lat' dir='ltr'>Paris&#39;</span> <span class='ocrx_word' id='word_1_176' title='bbox 426 2838 516 2902; x_wconf 90' lang='lat' dir='ltr'>haud</span> <span class='ocrx_word' id='word_1_177' title='bbox 535 2838 571 2902; x_wconf 92' lang='lat' dir='ltr'>in</span> <span class='ocrx_word' id='word_1_178' title='bbox 588 2841 630 2903; x_wconf 88' lang='lat' dir='ltr'>B.</span> 
     </span>
     <span class='ocr_line' id='line_1_25' title="bbox 243 2963 391 3000; baseline 0.007 -2"><span class='ocrx_word' id='word_1_179' title='bbox 243 2963 299 2998; x_wconf 73' lang='lat' dir='ltr'>Pto.</span> <span class='ocrx_word' id='word_1_180' title='bbox 338 2963 391 3000; x_wconf 79' lang='lat' dir='ltr'>1.le</span> 
     </span>
    </p>
   </div>
   <div class='ocr_carea' id='block_1_7' title="bbox 245 3027 762 3190">
    <p class='ocr_par' dir='ltr' id='par_1_7' title="bbox 245 3027 762 3190">
     <span class='ocr_line' id='line_1_26' title="bbox 245 3027 762 3103; baseline 0.008 -15"><span class='ocrx_word' id='word_1_181' title='bbox 245 3027 298 3101; x_wconf 88' lang='lat'>93,</span> <span class='ocrx_word' id='word_1_182' title='bbox 340 3028 391 3103; x_wconf 82' lang='lat'>14,</span> <span class='ocrx_word' id='word_1_183' title='bbox 407 3027 496 3090; x_wconf 83' lang='lat' dir='ltr'>Anco</span> <span class='ocrx_word' id='word_1_184' title='bbox 526 3047 595 3090; x_wconf 78' lang='lat' dir='ltr'>cam</span> <span class='ocrx_word' id='word_1_185' title='bbox 645 3028 762 3094; x_wconf 67' lang='lat' dir='ltr'>omar.</span> 
     </span>
     <span class='ocr_line' id='line_1_27' title="bbox 405 3125 596 3190; baseline 0.016 -2"><span class='ocrx_word' id='word_1_186' title='bbox 405 3125 549 3190; x_wconf 78' lang='lat' dir='ltr'>comitutu</span> <span class='ocrx_word' id='word_1_187' title='bbox 560 3126 596 3190; x_wconf 72' lang='lat' dir='ltr'>de</span> 
     </span>
    </p>
   </div>
   <div class='ocr_carea' id='block_1_8' title="bbox 245 3242 1349 3431">
    <p class='ocr_par' dir='ltr' id='par_1_8' title="bbox 245 3242 1349 3431">
     <span class='ocr_line' id='line_1_28' title="bbox 245 3242 1349 3328; baseline -0.008 -15"><span class='ocrx_word' id='word_1_188' title='bbox 245 3289 295 3302; x_wconf 91' lang='grc'>-</span> <span class='ocrx_word' id='word_1_189' title='bbox 341 3249 394 3325; x_wconf 84' lang='grc'>16,</span> <span class='ocrx_word' id='word_1_190' title='bbox 409 3260 521 3314; x_wconf 73' lang='lat' dir='ltr'>sanctu</span> <span class='ocrx_word' id='word_1_191' title='bbox 645 3248 737 3313; x_wconf 76' lang='lat' dir='ltr'>adde</span> <span class='ocrx_word' id='word_1_192' title='bbox 753 3247 878 3325; x_wconf 72' lang='lat' dir='ltr'>Paris,</span> <span class='ocrx_word' id='word_1_193' title='bbox 901 3246 944 3310; x_wconf 92' lang='lat' dir='ltr'>ad</span> <span class='ocrx_word' id='word_1_194' title='bbox 967 3265 1069 3328; x_wconf 92' lang='lat' dir='ltr'>quam</span> <span class='ocrx_word' id='word_1_195' title='bbox 1099 3243 1212 3308; x_wconf 88' lang='lat' dir='ltr'>adhuc</span> <span class='ocrx_word' id='word_1_196' title='bbox 1238 3242 1349 3305; x_wconf 87' lang='lat' dir='ltr'>redire</span> 
     </span>
     <span class='ocr_line' id='line_1_29' title="bbox 667 3356 903 3431; baseline -0.017 -18"><span class='ocrx_word' id='word_1_197' title='bbox 667 3356 903 3431; x_wconf 86' lang='lat' dir='ltr'>proposuerat.</span> 
     </span>
    </p>
   </div>
   <div class='ocr_carea' id='block_1_9' title="bbox 245 3467 1196 3636">
    <p class='ocr_par' dir='ltr' id='par_1_9' title="bbox 245 3467 1196 3636">
     <span class='ocr_line' id='line_1_30' title="bbox 245 3467 1196 3557; baseline -0.011 -20"><span class='ocrx_word' id='word_1_198' title='bbox 245 3515 295 3525; x_wconf 95' lang='lat'><em>-</em></span> <span class='ocrx_word' id='word_1_199' title='bbox 341 3476 394 3549; x_wconf 88' lang='lat'>19,</span> <span class='ocrx_word' id='word_1_200' title='bbox 401 3473 596 3557; x_wconf 76' lang='lat' dir='ltr'>fidejussores</span> <span class='ocrx_word' id='word_1_201' title='bbox 646 3472 929 3556; x_wconf 89' lang='lat' dir='ltr'>fidejussoribus.</span> <span class='ocrx_word' id='word_1_202' title='bbox 946 3518 952 3534; x_wconf 91' lang='lat'><strong>.</strong></span> <span class='ocrx_word' id='word_1_203' title='bbox 968 3517 976 3533; x_wconf 90' lang='lat'><strong>.</strong></span> <span class='ocrx_word' id='word_1_204' title='bbox 990 3467 1196 3530; x_wconf 85' lang='lat' dir='ltr'>munierunt.</span> 
     </span>
     <span class='ocr_line' id='line_1_31' title="bbox 385 3573 596 3636; baseline -0.005 0"><span class='ocrx_word' id='word_1_205' title='bbox 385 3621 391 3636; x_wconf 93' lang='lat'>.</span> <span class='ocrx_word' id='word_1_206' title='bbox 403 3573 596 3636; x_wconf 63' lang='lat' dir='ltr'>‚invenerint</span> 
     </span>
    </p>
   </div>
   <div class='ocr_carea' id='block_1_10' title="bbox 244 3693 763 3858">
    <p class='ocr_par' dir='ltr' id='par_1_10' title="bbox 244 3693 763 3858">
     <span class='ocr_line' id='line_1_32' title="bbox 244 3693 763 3773; baseline -0.002 -15"><span class='ocrx_word' id='word_1_207' title='bbox 244 3737 294 3748; x_wconf 91' lang='lat'><em>-</em></span> <span class='ocrx_word' id='word_1_208' title='bbox 340 3693 393 3773; x_wconf 79' lang='lat'>27,</span> <span class='ocrx_word' id='word_1_209' title='bbox 409 3697 445 3758; x_wconf 79' lang='lat' dir='ltr'>iu</span> <span class='ocrx_word' id='word_1_210' title='bbox 459 3696 593 3759; x_wconf 76' lang='lat' dir='ltr'>omui...</span> <span class='ocrx_word' id='word_1_211' title='bbox 644 3693 763 3760; x_wconf 74' lang='lat' dir='ltr'>desem.</span> 
     </span>
     <span class='ocr_line' id='line_1_33' title="bbox 410 3817 471 3858; baseline -0.016 0"><span class='ocrx_word' id='word_1_212' title='bbox 410 3817 471 3858; x_wconf 75' lang='lat' dir='ltr'>suu</span> 
     </span>
    </p>
   </div>
   <div class='ocr_carea' id='block_1_11' title="bbox 244 3913 1349 4197">
    <p class='ocr_par' dir='ltr' id='par_1_11' title="bbox 244 3913 1349 4197">
     <span class='ocr_line' id='line_1_34' title="bbox 244 3913 1349 4000; baseline -0.005 -20"><span class='ocrx_word' id='word_1_213' title='bbox 244 3959 295 3969; x_wconf 90' lang='lat'><em>-</em></span> <span class='ocrx_word' id='word_1_214' title='bbox 340 3919 392 3992; x_wconf 89' lang='lat'>33,</span> <span class='ocrx_word' id='word_1_215' title='bbox 407 3915 569 4000; x_wconf 72' lang='lat' dir='ltr'>suprodic-</span> <span class='ocrx_word' id='word_1_216' title='bbox 644 3917 737 3980; x_wconf 81' lang='lat' dir='ltr'>addit</span> <span class='ocrx_word' id='word_1_217' title='bbox 768 3916 893 3992; x_wconf 82' lang='lat' dir='ltr'>Paris,</span> <span class='ocrx_word' id='word_1_218' title='bbox 918 3917 1071 3998; x_wconf 85' lang='lat' dir='ltr'>graviter</span> <span class='ocrx_word' id='word_1_219' title='bbox 1099 3934 1214 3996; x_wconf 84' lang='lat' dir='ltr'>regem</span> <span class='ocrx_word' id='word_1_220' title='bbox 1243 3913 1349 3976; x_wconf 89' lang='lat' dir='ltr'>Frau-</span> 
     </span>
     <span class='ocr_line' id='line_1_35' title="bbox 410 4013 1348 4090; baseline -0.005 -10"><span class='ocrx_word' id='word_1_221' title='bbox 410 4026 474 4080; x_wconf 83' lang='lat' dir='ltr'>tum</span> <span class='ocrx_word' id='word_1_222' title='bbox 667 4036 785 4080; x_wconf 89' lang='lat' dir='ltr'>corum</span> <span class='ocrx_word' id='word_1_223' title='bbox 805 4017 847 4080; x_wconf 91' lang='lat' dir='ltr'>de</span> <span class='ocrx_word' id='word_1_224' title='bbox 868 4017 999 4079; x_wconf 87' lang='lat' dir='ltr'>enormi</span> <span class='ocrx_word' id='word_1_225' title='bbox 1014 4015 1191 4079; x_wconf 86' lang='lat' dir='ltr'>fidelitatis</span> <span class='ocrx_word' id='word_1_226' title='bbox 1207 4013 1348 4090; x_wconf 86' lang='lat' dir='ltr'>laesione</span> 
     </span>
     <span class='ocr_line' id='line_1_36' title="bbox 668 4117 925 4197; baseline 0 -19"><span class='ocrx_word' id='word_1_227' title='bbox 668 4117 925 4197; x_wconf 86' lang='lat' dir='ltr'>redarguentes.</span> 
     </span>
    </p>
   </div>
   <div class='ocr_carea' id='block_1_12' title="bbox 244 4239 763 4404">
    <p class='ocr_par' dir='ltr' id='par_1_12' title="bbox 244 4239 763 4404">
     <span class='ocr_line' id='line_1_37' title="bbox 244 4239 763 4326; baseline -0.004 -19"><span class='ocrx_word' id='word_1_228' title='bbox 244 4246 299 4321; x_wconf 76' lang='lat'>94,</span> <span class='ocrx_word' id='word_1_229' title='bbox 356 4244 387 4319; x_wconf 82' lang='lat'>2,</span> <span class='ocrx_word' id='word_1_230' title='bbox 403 4261 464 4326; x_wconf 78' lang='lat' dir='ltr'>per</span> <span class='ocrx_word' id='word_1_231' title='bbox 486 4239 581 4304; x_wconf 78' lang='lat' dir='ltr'>insul-</span> <span class='ocrx_word' id='word_1_232' title='bbox 645 4241 763 4306; x_wconf 72' lang='lat' dir='ltr'>dunat.</span> 
     </span>
     <span class='ocr_line' id='line_1_38' title="bbox 406 4350 469 4404; baseline -0.032 0"><span class='ocrx_word' id='word_1_233' title='bbox 406 4350 469 4404; x_wconf 82' lang='lat' dir='ltr'>tum</span> 
     </span>
    </p>
   </div>
   <div class='ocr_carea' id='block_1_13' title="bbox 0 0 1580 4992">
    <p class='ocr_par' dir='ltr' id='par_1_13' title="bbox 0 0 1580 4992">
     <span class='ocr_line' id='line_1_39' title="bbox 0 0 1580 4992; baseline 0 0"><span class='ocrx_word' id='word_1_234' title='bbox 0 0 1580 4992; x_wconf 95' lang='lat' dir='ltr'> </span> 
     </span>
    </p>
   </div>
  </div>
 </body>
</html>
