3150 4992
257 439 300 511 78
633 453 832 505 nncrrours
853 455 984 505 varin.

258 645 337 711 dam
368 666 452 711 vero
480 653 610 712 nostrae
641 643 720 711 fidei
752 646 877 710 seriem
907 653 943 710 et
973 638 1127 709 tenorem
1156 644 1269 710 literis
1297 646 1361 710 tibi

257 743 433 828 supplicas
467 748 618 830 aperiri;
654 766 717 812 nos
749 740 819 811 tuis
860 743 1144 828 congratulantes
1183 747 1361 811 desideriis

256 845 351 909 illam
387 849 452 911 sub
483 845 633 930 quodam
664 846 879 929 compendio,
913 852 948 910 et
978 845 1078 929 quasi
1107 847 1216 928 digito
1248 854 1358 922 tenus,

257 944 468 1010 intimamus.
520 945 613 1011 Illud
635 947 742 1028 igitur
767 947 824 1030 pie
849 945 970 1012 credas
995 951 1031 1009 et
1051 946 1198 1011 fideliter
1228 954 1359 1024 teneas,

256 1045 338 1125 quia
374 1065 463 1110 unns
503 1047 600 1111 Deus
643 1053 709 1124 est,
746 1047 797 1109 sic
830 1053 945 1110 tamen
984 1053 1025 1109 nt
1055 1046 1092 1109 in
1125 1047 1360 1128 assignatione

258 1143 397 1210 deitatis
435 1147 481 1210 sit
513 1146 629 1212 unitas
656 1146 694 1210 in
731 1144 940 1222 substantia,
972 1151 1007 1210 et
1043 1145 1180 1210 trinitas
1213 1149 1249 1211 in
1282 1168 1361 1230 per·

257 1244 364 1309 sonis.
414 1246 478 1310 Est
495 1247 585 1310 enim
610 1246 707 1311 Deus
734 1245 853 1321 Pater,
877 1244 974 1309 Deus
998 1239 1120 1322 Filius,
1139 1246 1236 1309 Deus
1254 1246 1361 1330 Spiri-

256 1349 314 1407 tus
344 1345 516 1426 Sanctus;
550 1343 610 1411 sed
640 1344 747 1409 Pater
770 1351 806 1408 et
834 1343 944 1408 Filius
975 1350 1011 1408 et
1037 1344 1185 1426 Spiritus
1211 1345 1360 1412 Sanctus

257 1461 364 1507 unum
388 1452 480 1509 sunt.
533 1445 599 1510 Est
614 1452 729 1509 autem
747 1457 788 1508 ea
806 1443 967 1508 discretio
989 1441 1024 1506 in
1048 1445 1215 1525 personis,
1238 1453 1278 1510 ut
1298 1467 1360 1510 nec

259 1540 365 1608 Pater
395 1545 442 1608 sit
470 1545 592 1623 Filius,
622 1565 685 1608 nec
712 1542 818 1607 Pater
847 1544 894 1607 sit
924 1543 1073 1625 Spiritus
1105 1543 1266 1622 SanctnS,
1298 1566 1360 1609 nec

258 1641 368 1707 Filius
393 1644 440 1707 sit
469 1643 588 1722 Pater,
614 1661 678 1708 nec
706 1643 818 1707 Filius
847 1643 893 1706 sit
922 1641 1072 1724 Spiritus
1106 1642 1267 1720 Sanctus,
1298 1665 1361 1708 nec

258 1741 408 1824 Spiritus
426 1742 574 1808 Sanctus
592 1743 638 1808 sit
653 1742 761 1808 Pater
777 1748 839 1805 ant
856 1741 977 1806 Filius.
1030 1742 1103 1806 Res
1119 1743 1257 1825 quidem
1274 1743 1378 1808 diffi:

257 1841 333 1906 cilis
351 1851 405 1906 cst
420 1843 598 1908 intellectu
615 1851 650 1907 et
665 1843 773 1906 aciem
789 1841 933 1905 rationis
948 1841 1108 1905 humanae
1123 1845 1336 1909 transcendit
1350 1867 1359 1924 3

258 1941 319 2004 sed
345 1949 443 2006 tanto
470 1943 664 2024 elegantius
685 1941 789 2006 habet
816 1940 896 2004 fidei
921 1942 1092 2016 meritum,
1118 1951 1249 2024 quanto
1276 1944 1361 2008 diffi-

259 2041 358 2106 cilior
380 2048 435 2106 est
454 2041 498 2105 ad
526 2041 743 2106 credendum.
797 2039 908 2104 Porro
926 2039 1015 2104 licet
1038 2039 1124 2103 nihil
1151 2043 1359 2122 inveniatur,

260 2141 352 2222 quod
367 2159 568 2223 expressam
585 2140 711 2206 habeat
724 2134 882 2216 unitatis,
898 2158 977 2221 quae
994 2139 1031 2202 in
1049 2140 1126 2204 Deo
1144 2147 1198 2205 est
1218 2160 1360 2208 summae

258 2239 454 2318 Trinitatis,
479 2239 676 2322 imaginem,
698 2259 762 2304 nec
785 2239 892 2303 verba
909 2237 1014 2302 etiam
1035 2239 1267 2319 inveniantur,
1284 2245 1359 2326 qui-

257 2339 323 2403 bus
340 2341 511 2423 possimus
529 2339 572 2404 de
588 2339 649 2404 illa
664 2339 815 2404 essentia
831 2337 935 2419 digne
948 2336 1056 2421 loqui,
1070 2338 1162 2422 qnod
1178 2360 1360 2422 possumus

257 2445 375 2503 tamen
398 2439 576 2515 faciemus,
602 2445 637 2502 et
660 2439 760 2523 quasi
787 2436 1020 2502 balbutientes
1041 2457 1104 2520 per
1127 2440 1233 2503 verba
1257 2442 1360 2506 rebus

260 2537 518 2602 accommodata
537 2537 745 2620 transitoriis
765 2555 837 2600 rem
853 2537 917 2601 tibi
933 2535 1138 2601 ineffabilem
1156 2540 1358 2621 aperiemus.

260 2635 393 2700 Paulus
415 2635 593 2718 apostolus
616 2636 711 2712 dicit,
729 2636 813 2718 qnia
826 2634 1032 2700 ‘invisibilia
1048 2636 1128 2713 Dei,
1145 2657 1208 2719 per
1225 2658 1360 2722 eaquae

259 2735 352 2799 iacta
381 2743 474 2812 sunt,
495 2732 674 2798 intellectu
697 2733 968 2816 conspiciuntur,
994 2737 1204 2818 sempiterna
1224 2759 1362 2824 quoque

258 2833 472 2916 virtusejus
500 2841 535 2898 et
561 2828 745 2899 divinitas)
797 2832 889 2897 Vide
916 2853 1000 2915 ergo
1024 2842 1172 2899 mentem
1202 2836 1359 2917 hominis,

258 2951 384 3015 corpus
400 2933 503 2996 ctiam
522 2933 635 2998 solare
655 2933 845 3010 considera,
866 2938 902 2996 et
916 2932 1048 2996 videbis
1064 2935 1359 3022 qualitercunque,

259 3033 341 3098 licet
356 3033 504 3098 tenuiter
520 3039 557 3096 et
571 3031 672 3116 quasi
693 3033 794 3097 oculo
819 3032 1029 3109 conniventi,
1045 3034 1218 3115 quandam
1239 3037 1358 3102 simili-

260 3133 413 3198 tudinem
429 3133 624 3198 Trinitatis.
677 3131 742 3197 Est
757 3132 794 3196 in
813 3138 928 3196 mente
949 3132 1096 3195 hominis
1119 3133 1361 3217 intelligentia,

259 3234 435 3311 memoria,
455 3237 491 3297 et
505 3232 679 3299 voluntas.
731 3231 887 3296 Mentem
909 3238 1025 3294 autem
1045 3251 1208 3297 vocamus
1231 3254 1360 3303 memo-

258 3333 358 3410 riam,
392 3340 541 3398 mentem
569 3332 713 3396 dicimus
736 3330 1013 3413 intelligentiam,
1040 3339 1188 3396 mentem
1216 3333 1361 3402 dicimus

259 3431 485 3496 voluntatem.
523 3429 705 3505 Memoria,
722 3428 953 3511 intelligentia
969 3437 1005 3495 et
1021 3431 1183 3495 voluntas
1196 3441 1278 3498 sunt
1292 3454 1362 3501 una

259 3543 377 3608 mens3
406 3529 466 3592 sed
490 3548 554 3592 nec
577 3529 741 3593 memoria
770 3535 824 3593 est
847 3529 1077 3610 intelligentia
1103 3530 1159 3595 vel
1186 3533 1360 3602 voluutas.

261 3627 306 3692 In
330 3627 450 3692 eodem
467 3639 611 3710 corpore
633 3628 716 3692 solis
734 3626 865 3690 radium
882 3627 995 3704 video,
1013 3629 1125 3694 sentio
1142 3631 1304 3710 calorem,
1327 3645 1362 3703 et

259 3746 411 3806 agnosco
435 3727 671 3809 splendorem:
706 3727 780 3790 haec
807 3729 876 3790 tria
902 3727 1005 3792 unius
1027 3735 1108 3792 sunt
1132 3731 1302 3809 essentiae,
1326 3744 1362 3800 et

260 3826 393 3891 nullum
411 3833 526 3889 tamen
540 3826 678 3890 illorum
696 3835 750 3890 est
766 3825 924 3890 alterum.
976 3826 1034 3890 Sic
1055 3828 1090 3890 in
1110 3827 1172 3892 illa
1196 3828 1360 3897 ineffabili

259 3933 295 3990 et
321 3925 669 4009 incircumscriptibili
694 3925 807 4006 gloria
830 3925 971 3989 deitatis
991 3932 1045 3990 est
1068 3926 1179 3992 Filius
1201 3947 1222 3992 a
1243 3929 1361 4011 Patre,

259 4031 295 4088 et
312 4023 461 4106 Spiritus
477 4023 626 4089 Sanctus
641 4026 685 4089 ab
701 4031 858 4107 utroque.
901 4023 1058 4107 Cumque
1075 4025 1182 4090 Pater
1197 4034 1232 4091 et
1249 4028 1360 4095 Filius

259 4130 295 4187 et
310 4123 460 4207 Spiritus
478 4123 627 4189 Sanctus
647 4121 802 4208 ejusdem
823 4123 1039 4202 substantiae,
1061 4124 1216 4208 ejusdem
1240 4137 1361 4208 poten-

258 4222 317 4288 tiae
346 4221 382 4288 e't
410 4221 531 4304 gloriae
554 4231 648 4302 suut,
677 4243 745 4288 non
773 4230 856 4288 sunt
884 4230 1001 4287 tamen
1024 4229 1095 4288 tres
1126 4225 1208 4306 Dii3
1239 4229 1360 4294 sedin
