3150 4992
217 466 261 530 84
591 481 792 533 nnorrouus
818 482 952 530 vautra.

221 666 383 748 quentius
403 672 438 729 et
464 664 586 728 fortius
613 665 727 729 verbis
745 672 781 729 et
807 664 946 729 tandem
973 663 1185 728 exhibitione
1211 664 1326 746 operis

221 765 433 843 inculcavit;
476 763 676 848 ‘MaJorem
718 765 810 828 enim
852 763 1031 828 caritatem
1070 782 1171 827 nemo
1209 764 1325 838 habet,

222 884 326 945 quam
351 871 390 928 ut
406 864 554 927 animam
577 883 676 927 suam
701 872 809 946 ponet
834 864 912 946 quis
936 883 999 945 pro
1026 863 1168 926 amicis.'
1220 863 1328 926 Dedit

221 965 339 1046 itaque
365 964 545 1028 materiam
571 963 735 1044 diligendi
761 983 812 1039 se,
838 963 897 1045 qui
922 963 959 1024 in
984 963 1057 1025 suis
1085 962 1326 1026 dilectionibus

224 1083 287 1127 nos
312 1063 492 1146 praevenit,
520 1083 582 1127 nec
608 1063 703 1126 aliud
730 1082 752 1125 a
782 1062 881 1126 nobis
908 1062 1031 1143 exigit,
1055 1061 1122 1124 nisi
1146 1068 1186 1125 ut
1212 1061 1327 1143 ipsum

224 1161 408 1243 diligamus
426 1181 470 1225 ex
486 1162 600 1226 corde.
640 1161 731 1225 Sane
748 1161 957 1225 inhumanus
975 1168 1028 1225 est
1044 1167 1079 1224 et
1091 1161 1251 1236 crudelis,
1267 1161 1326 1242 qui

224 1261 299 1344 ejus
323 1260 591 1325 misericordiam
619 1280 688 1323 non
710 1262 843 1337 recolit,
866 1261 925 1343 qui
952 1260 1139 1324 Dominum
1163 1269 1234 1323 tam
1258 1261 1327 1323 cle·

224 1369 373 1425 mentem
389 1381 433 1423 ex
456 1361 580 1424 affectu
606 1379 672 1422 non
693 1360 818 1442 diligit,
835 1359 893 1442 qui
908 1364 945 1423 s'e
963 1379 1026 1442 pro
1042 1379 1096 1435 eo,
1111 1360 1141 1422 si
1158 1378 1246 1440 opus
1262 1367 1327 1435 est,

225 1462 346 1524 mortis
378 1460 530 1541 periculo
560 1458 832 1523 desiderabiliter
858 1478 927 1522 nou
952 1459 1106 1540 exponit.
1168 1458 1328 1522 Christus

226 1566 341 1622 autem
364 1566 520 1623 mortuus
542 1566 577 1622 et
592 1559 761 1641 sepultus„
786 1559 891 1622 tertia
917 1557 972 1620 die
998 1577 1182 1638 resurgens
1199 1577 1221 1620 a
1237 1577 1329 1620 mor·

160 1707 162 1712 ,
226 1658 307 1735 tuis,
334 1658 423 1723 sicut
454 1658 631 1740 discipulis
660 1659 761 1722 vivus
795 1658 1018 1740 praedixerat,
1047 1657 1174 1720 eisdem
1208 1664 1329 1738 postea

226 1756 423 1839 frequenter
444 1758 618 1840 apparuit,
644 1764 680 1821 et
703 1776 781 1820 cum
798 1757 884 1840 ipsis
906 1758 1051 1839 loquens
1076 1764 1112 1819 et
1133 1756 1327 1833 comedens,

224 1858 373 1920 ostensis
391 1855 590 1920 vulneribus
611 1876 787 1934 manuum,
809 1856 947 1939 pedum,
965 1875 1005 1919 ac
1019 1856 1150 1932 lateris,
1167 1855 1203 1917 in
1219 1856 1328 1918 cordi·

226 1957 290 2018 bus
308 1955 534 2038 quorundam,
551 1954 610 2038 qui
627 1955 739 2019 adhuc
759 1955 969 2019 haesitabant
984 1955 1114 2031 infide,
1132 1954 1328 2019 ostensione

226 2055 404 2118 vulnerum
422 2055 549 2119 vulnus
564 2054 789 2119 dubitationis
808 2056 949 2119 amovit.
1001 2053 1244 2135 Quadraginta
1262 2055 1329 2117 ita·

226 2174 293 2235 que
311 2154 430 2218 diebus
447 2174 524 2219 cum
543 2155 593 2217 eis
610 2154 793 2218 visibiliter
814 2161 1051 2229 conversatus,
1073 2153 1200 2216 eisdem
1225 2155 1330 2217 comi-

226 2254 381 2318 tantibus
408 2254 560 2318 venitin
589 2261 739 2318 montem
760 2254 901 2328 Oliveti,
921 2262 956 2317 et
980 2251 1175 2316 videntibus
1197 2253 1267 2316 illis
1293 2254 1330 2316 in

227 2354 348 2417 caelum
372 2354 528 2418 elevatus
550 2361 625 2432 est;
653 2355 808 2417 ascendit
829 2353 872 2416 ad
897 2352 1049 2428 Patrem,
1070 2352 1128 2415 ubi
1151 2372 1229 2416 eum
1253 2372 1329 2416 esse

227 2453 262 2515 in
281 2452 399 2516 Patris
424 2453 667 2535 coaequalitate
692 2453 874 2528 credimus,
897 2460 1001 2536 atque
1025 2451 1060 2513 in
1078 2453 1250 2516 communi
1276 2472 1329 2515 re-

227 2553 440 2616 surrectione
457 2553 570 2634 ipsum
582 2553 739 2616 vivorum
755 2559 1012 2617 etmortnorum
1023 2551 1175 2636 judicem
1187 2571 1327 2635 exspeo

227 2659 353 2714 tamus,
407 2651 458 2715 Ut
472 2652 579 2732 igitur
595 2651 766 2714 Dominus
785 2659 904 2715 noster
920 2652 944 2715 J
946 2671 1026 2716 esus
1043 2651 1203 2715 Christus
1220 2652 1330 2716 voluit
1395 2669 1400 2681 ·

228 2758 263 2813 et
286 2749 403 2814 debuit
426 2750 470 2813 ad
496 2749 615 2813 horam
641 2751 741 2828 mori,
766 2752 850 2832 quia
875 2750 977 2815 homo
1008 2751 1123 2833 potuit
1150 2757 1185 2814 et
1211 2750 1329 2815 debuit

227 2856 307 2930 post
340 2857 484 2913 mortem
519 2855 710 2932 resurgere,
741 2857 781 2914 ut
815 2851 874 2932 qui
904 2849 1074 2913 hominem
1106 2858 1331 2932 superaverat

227 2947 385 3012 diabolus
403 2950 447 3012 ab
469 2949 606 3012 homine
627 2957 860 3031 superaretur,
883 2958 918 3013 et
938 2956 1123 3032 superatus
1145 2949 1332 3014 confunde·

226 3055 333 3112 retur.
385 3048 601 3112 Erubescant
623 3048 778 3112 infideles
808 3057 843 3112 et
869 3049 1165 3131 praevaricatores,
1192 3049 1251 3130 qui
1279 3050 1330 3112 in·

208 3148 387 3236 ¹ordinate
412 3148 448 3210 in
477 3147 552 3212 haec
580 3156 810 3231 prorumpunt
831 3147 1067 3224 deliramenta,
1089 3147 1148 3211 ‘Si
1172 3148 1332 3213 Christus

229 3247 326 3311 Deus
348 3247 425 3324 fnit,
453 3248 625 3330 quomodo
654 3248 768 3330 potuit
789 3248 900 3312 morit
952 3247 989 3311 Si
1014 3247 1130 3323 homo,
1159 3248 1331 3329 quomodo

229 3366 408 3428 resurgere
423 3347 450 3412 t’
503 3347 586 3410 Fuit
613 3367 735 3428 nempe
761 3347 859 3410 Deus
888 3355 924 3410 et
947 3345 1072 3411 homo:
1107 3347 1190 3428 quia
1216 3347 1330 3426 homo,

125 3482 127 3488 ·
228 3444 347 3508 debuit
371 3445 478 3524 mori3
505 3447 587 3526 quia
611 3445 720 3521 Deus,
742 3447 858 3526 potuit
879 3465 1067 3527 resurgere.
1122 3446 1216 3509 Utile
1243 3467 1330 3530 quo·

229 3562 296 3623 que
326 3543 427 3606 nobis
458 3542 536 3619 fuit,
571 3543 661 3624 quod
695 3544 759 3606 sub
785 3544 910 3626 ‘iniquo
939 3545 1058 3628 judice
1089 3552 1212 3626 sponte
1244 3549 1331 3611 mori

227 3642 449 3722 dignabatur,
465 3641 575 3706 valuit
593 3649 628 3705 et
644 3642 755 3705 voluit
769 3644 979 3724 resurgendo
997 3648 1142 3707 mortem
1157 3664 1329 3727 superare.

229 3740 276 3804 Et
293 3740 383 3804 sicut
399 3740 557 3805 diabolus
576 3760 638 3822 per
660 3759 742 3804 suos
767 3742 944 3806 ministros
963 3745 1000 3806 in
1023 3743 1211 3806 Dominum
1231 3764 1331 3809 suum

228 3858 351 3904 manus
383 3858 470 3902 ausu
504 3840 687 3904 temerario
719 3840 838 3924 injecit
870 3842 1053 3918 violentas
1082 3843 1133 3907 ita
1161 3843 1259 3926 juste
1291 3864 1332 3908 ac

224 3939 437 4021 judicialiter
460 3938 659 4015 dominium,
677 3946 713 4003 ct
730 3941 948 4022 tyrannidem
971 3961 1074 4023 quam
1098 3943 1133 4004 in
1160 3942 1332 4007 hominem

228 4046 444 4113 exercuerat,
474 4038 590 4101 amisit
615 4038 651 4102 in
681 4046 858 4103 aeternum.
911 4041 958 4104 Et
983 4040 1046 4104 hoc
1070 4040 1171 4104 modo
1198 4061 1333 4125 compe·

229 4137 327 4212 tenti,
342 4137 401 4218 qui
418 4135 589 4201 hominem
607 4137 750 4214 vicerat,
764 4139 807 4200 ab
824 4137 961 4203 homine
976 4141 1196 4219 vincebatur3
1220 4143 1331 4223 etqui

229 4236 264 4298 in
287 4235 382 4318 ligno
410 4243 647 4317 superaverat,
675 4237 710 4301 in
728 4236 823 4318 liguo
840 4238 972 4304 scilicet
988 4239 1100 4303 crucis
1118 4247 1278 4322 potenter
1298 4249 1334 4304 et
