3150 4992
625 469 827 519 uncrronns
850 467 984 520 viarm.
1314 455 1358 520 85

250 651 436 736 prudenter
453 658 636 736 superatus
654 652 720 718 fuit
738 673 759 716 a
777 655 854 718 Deo
878 662 914 719 ct
930 654 1068 719 bomine
1086 653 1225 718 Christo
1246 651 1270 718 J
1272 674 1354 734 esu3

252 761 290 818 ut
307 755 406 835 quasi
429 753 536 818 frater
553 753 597 816 ab
619 752 757 817 homine
775 761 961 831 amaretur,
979 762 1013 818 et
1027 754 1127 837 quasi
1144 754 1242 818 Deus
1258 755 1356 818 time-

253 860 356 918 retur.
409 853 582 918 Caeterum
600 853 832 918 necessarium
849 853 927 931 fuit,
946 862 986 917 ut
1003 854 1062 918 ille
1088 853 1190 927 idem,
1211 855 1270 936 qui
1291 873 1355 916 nos

255 954 392 1030 creavit,
419 961 454 1018 ct
480 972 544 1016 nos
570 960 761 1032 recrearet;
788 954 848 1035 qui
875 972 939 1018 nos
964 953 1058 1030 fecit,
1082 953 1279 1017 redimendo
1303 974 1356 1017 re-

246 1052 366 1124 ficeret
392 1072 434 1116 ac
459 1052 612 1134 perditos
634 1060 833 1135 repararet3
856 1073 899 1116 ne
921 1072 1027 1117 unum
1050 1053 1164 1117 Deum
1188 1062 1354 1134 tanquam

251 1159 439 1216 creatorem
458 1152 690 1234 obligaremur
713 1152 870 1230 adorare,
891 1161 927 1216 et
944 1153 1049 1216 alium
1069 1153 1178 1217 veluti
1200 1153 1355 1235 redemp-

251 1258 359 1315 torem
375 1252 531 1316 vcnerari
556 1259 760 1329 teneremur,
783 1259 819 1316 et
834 1252 885 1315 ita
906 1252 1040 1316 duobus
1064 1250 1225 1316 Dominis
1244 1252 1355 1315 famu-

249 1350 324 1413 lari.
378 1351 424 1414 Et
443 1351 535 1433 quod
556 1351 680 1428 Filius,
702 1370 772 1415 non
795 1351 915 1429 Pater,
931 1371 1001 1415 non
1022 1351 1172 1434 Spiritus
1195 1351 1355 1428 Sanctus,

250 1449 499 1528 incarnaretur,
532 1469 671 1515 necesse
712 1451 778 1514 fuit
812 1459 848 1515 et
880 1452 1113 1530 conveniens3
1148 1452 1230 1533 quia
1265 1451 1355 1514 Filio

254 1549 436 1618 assimilari
459 1551 680 1632 praesumpsit
702 1551 818 1628 homo,
840 1552 973 1614 scilicet
997 1551 1123 1627 Adam,
1143 1551 1302 1633 aspirans
1321 1558 1356 1614 et

252 1649 370 1713 volens
387 1650 474 1712 scire
491 1650 619 1714 bonum
637 1658 672 1714 et
688 1651 817 1714 malum
835 1659 875 1714 ut
893 1651 1002 1714 Deus
1040 1651 1235 1714 Videbatur
1249 1650 1356 1731 igitur

255 1748 365 1812 Filius
384 1768 459 1812 esse
481 1749 516 1812 in
540 1769 655 1826 causa,
674 1750 766 1813 sicut
789 1751 958 1814 sanctitas
979 1748 1068 1813 Abel
1094 1749 1232 1813 invidiae
1257 1750 1357 1826 Cain,

253 1855 288 1912 et
317 1849 368 1912 sic
395 1850 515 1912 mortis
542 1849 662 1931 ipsius.
714 1850 817 1914 Dixit
845 1851 953 1931 igitur
978 1850 1095 1925 Filius
1115 1851 1215 1931 quasi
1241 1857 1359 1913 noster

250 1947 375 2024 Jonas
399 1968 505 2032 quum
530 1948 591 2026 ait,
610 1949 710 2031 ‘Ego
737 1969 814 2013 sum
842 1951 901 2031 qui
930 1949 1083 2032 peccavi,
1112 1949 1271 2032 projicite
1302 1969 1358 2012 me

252 2047 288 2110 in
306 2044 421 2112 mare!
473 2047 555 2111 Non
577 2047 702 2112 sufficit
727 2049 818 2112 exile
836 2049 1040 2112 sacrificium
1063 2055 1097 2112 et
1118 2048 1356 2113 holocaustum

253 2147 296 2210 ad
327 2147 414 2211 tanti
440 2148 591 2224 sceleris,
614 2148 706 2230 quod
736 2155 938 2230 patraverat
969 2148 1084 2223 homo,
1112 2149 1357 2229 expiationem.

254 2247 367 2311 ‘Ecce
384 2247 497 2324 venio,
508 2251 580 2328 'ego
597 2247 671 2330 ipse
687 2249 798 2324 venio,
817 2249 900 2330 quia
916 2249 951 2310 in
969 2249 1083 2330 capite
1097 2247 1175 2309 libri
1192 2248 1357 2329 scriptum

254 2353 306 2410 est
321 2346 363 2410 de
380 2367 447 2424 me,
463 2355 502 2411 ut
516 2346 663 2410 facerem
680 2347 894 2411 voluntatem
913 2354 1028 2425 tuam3
1052 2366 1130 2410 ecce
1150 2347 1270 2409 adsum
1293 2347 1356 2409 im·

253 2445 455 2511 molandus.'
508 2446 651 2523 Iterum,
675 2447 705 2510 si
730 2454 866 2510 tantum
889 2447 1080 2528 negotium,
1102 2445 1233 2510 scilicet
1250 2445 1359 2508 homi·

254 2547 307 2609 nis
332 2545 537 2628 redemptio,
562 2546 686 2627 angelo
709 2547 993 2622 committeretur,
1016 2566 1084 2609 non
1108 2552 1200 2608 esset
1219 2553 1357 2624 tutum3

255 2647 336 2728 quia
360 2646 395 2708 in
415 2645 576 2710 Lucifero
600 2647 762 2728 superbia
784 2647 946 2728 angelum
969 2645 1116 2709 reddidit
1135 2645 1297 2708 infamem
1323 2653 1358 2709 et

252 2754 462 2828 suspectum.
529 2745 566 2808 Si
594 2745 734 2821 bomini,
762 2766 831 2810 non
862 2746 952 2810 foret
983 2745 1140 2809 similiter
1171 2765 1357 2823 securum3

253 2864 330 2908 cum
349 2845 495 2926 primum
514 2845 697 2923 hominem,
721 2846 854 2910 scilicet
875 2844 1003 2921 Adam,
1026 2844 1259 2908 inobedientia
1286 2844 1358 2907 cul·

255 2935 403 3026 pabilern
426 2945 549 3009 merito
574 2945 828 3009 condemnavit.
881 2944 1037 3025 Angelus
1054 2943 1275 3020 insufficiens,
1298 2945 1360 3006 bo-

255 3063 311 3107 mo
324 3043 498 3120 deficiens
510 3063 600 3107 unus
614 3044 772 3120 imbellis,
783 3045 871 3107 alter
879 3044 1070 3107 imbecillis.
1104 3042 1360 3107 Convenienter

254 3143 361 3224 igitur
374 3151 595 3225 procuratum
618 3151 682 3220 est,
706 3151 745 3208 ut
759 3142 863 3206 homo
886 3143 1057 3206 bominem
1081 3141 1221 3224 adjutus
1247 3143 1357 3205 numi-

255 3243 308 3306 nis
331 3243 538 3306 adminiculo
561 3261 582 3304 a
601 3241 731 3305 diaboli
753 3242 910 3305 faucibus
932 3242 1115 3316 liberaret;
1141 3259 1184 3302 ne
1208 3246 1279 3302 tam
1305 3261 1360 3304 ar-

256 3342 373 3419 duum,
400 3349 470 3405 tam
493 3340 607 3404 nobile
632 3342 872 3405 commercium
898 3341 1088 3416 vacillaret,
1112 3337 1216 3402 immo
1241 3341 1358 3420 potius

252 3440 523 3522 irrefragabilius
546 3440 648 3504 finem
673 3460 876 3524 prosperum
903 3440 1096 3516 sortiretur,
1120 3446 1155 3501 et
1184 3437 1268 3501 ordo
1295 3458 1356 3502 an·

256 3540 399 3621 gelicuS,
423 3541 482 3622 qui
507 3560 569 3622 per
594 3541 730 3623 lapsum
754 3540 905 3604 Luciferi
931 3547 966 3603 et
988 3558 1128 3603 suornm
1154 3538 1356 3620 complicum

253 3639 365 3704 fuerat
381 3641 573 3718 mutilatus
595 3639 756 3704 foeliciter
776 3647 1039 3704 restauraretur.
1094 3638 1227 3719 Magna
1250 3639 1357 3719 igitur

254 3747 288 3802 ct
321 3739 413 3801 omni
442 3739 545 3803 laude
572 3738 775 3820 dignissima
802 3740 870 3802 fuit
902 3745 1012 3802 mater
1044 3747 1078 3801 et
1106 3737 1205 3818 virgo
1242 3737 1357 3801 Maria

254 3839 463 3914 beatissima,
494 3857 573 3921 quae
602 3846 737 3902 tantum
766 3838 834 3901 Dei
864 3847 899 3901 et
924 3837 1072 3900 hominis
1100 3836 1227 3899 mundo
1250 3835 1358 3899 edidit

255 3938 491 4015 mediatorem,
509 3944 543 4001 et
557 3944 711 4002 nostrum
729 3957 850 4020 parere
865 3937 990 4000 meruit
1007 3936 1226 4000 salvatorem.
1267 3933 1357 4012 Quae

254 4037 343 4100 inter
365 4056 496 4114 omneS,
519 4056 606 4119 quas
628 4037 775 4101 mundus
799 4037 921 4100 habuit
941 4037 1115 4110 mulieres
1131 4054 1194 4096 nec
1211 4034 1358 4117 primam

253 4156 316 4200 nec
348 4137 493 4200 similem
525 4138 650 4200 meruit
681 4157 743 4200 nec
770 4143 967 4219 sequentem
998 4134 1139 4199 habere.
1189 4132 1358 4215 Concepit

253 4257 374 4320 nempe
396 4237 470 4300 sine
490 4236 632 4318 pudore,
655 4237 789 4320 peperit
811 4237 885 4300 sine
908 4235 1038 4312 dolore,
1051 4242 1087 4298 et
1101 4233 1180 4296 hinc
1195 4233 1358 4312 migravit
