3150 4992
263 453 308 518 76
637 472 837 521 neorrouus
860 473 992 523 varin.

240 698 246 708 ·
266 595 343 733 33⁰7,
355 594 411 732 3¹3,
429 664 518 740 queat
537 704 544 719 .
560 705 568 719 .
584 705 591 719 .
607 705 615 720 .
665 667 828 743 nequeat,
843 661 888 724 ad
905 668 941 725 te
955 659 1135 742 appellare
1149 667 1268 744 queat.

432 764 588 840 oopaoaeat
1188 781 1192 785 ’

267 878 343 953 329,
382 879 412 954 3,
428 877 482 940 sed
493 879 522 941 ei
535 878 585 941 hie
666 879 696 942 si
713 879 828 963 hujus.
859 911 862 915 ²

264 1040 316 1052 -
382 1003 412 1074 8,
430 998 604 1084 sripturae
664 1001 756 1083 quod
774 1003 882 1084 pluris
899 1011 961 1067 est.

263 1159 316 1170 -—
361 1121 414 1201 17,
424 1145 533 1209 praec
666 1145 784 1190 curva.

265 1284 316 1294 -
360 1250 411 1324 19,
420 1247 546 1332 soedom
666 1250 864 1315 secundam.
962 1338 965 1340 v

265 1406 316 1416 -
359 1373 414 1445 20,
431 1392 468 1433 nc
485 1370 579 1434 citius
666 1374 717 1438 ita
732 1382 783 1438 ut.

268 1530 318 1539 -
363 1495 414 1570 29,
432 1493 615 1576 araphae..
667 1497 801 1578 accepit
830 1504 866 1561 et
892 1498 989 1580 pacis
1020 1499 1214 1585 statuendae
1240 1501 1368 1582 passim

411 1592 564 1676 populum
689 1615 750 1678 per
768 1597 985 1662 Britanniam
1010 1594 1192 1663 studiosus
1206 1599 1282 1678 fnit,
1297 1602 1369 1664 ani·

689 1715 745 1758 mo
762 1695 845 1758 cleri
861 1704 961 1760 terrae
981 1699 1075 1762 illius
1096 1699 1162 1763 sibi
1183 1701 1369 1764 conciliato

626 1855 627 1860 ,
689 1801 724 1858 et
738 1796 869 1878 populi.

268 1915 568 1992 330,16‚oidemue
666 1918 812 1981 videtur.

266 2077 316 2086 -
361 2041 414 2116 26,
431 2039 553 2104 domiuo
667 2042 938 2126 archiepiscopo.

266 2200 318 2212 -
361 2161 413 2241 27,
435 2165 587 2243 Quoniam
666 2144 754 2231 deest.

269 2290 342 2365 331,
382 2287 464 2366 Lei
495 2287 553 2352 ribi
579 2309 618 2352 oc
666 2291 726 2354 sed
741 2292 771 2354 si
789 2291 882 2356 tibi.⁴

432 2388 495 2452 tuis

264 2547 315 2557 -
359 2513 411 2586 33,
422 2511 593 2595 perniciem
665 2513 890 2595 provinciam.

269 2637 343 2710 332,
381 2636 414 2708 4,
432 2635 524 2716 officii
540 2682 547 2696 .
565 2682 615 2698 ...
666 2635 790 2715 officio,
808 2638 954 2714 ratione,
973 2645 1008 2702 et
1018 2639 1112 2721 jure.

424 2754 512 2816 purae

137 2931 143 2940 =
266 2891 317 2902 —-
361 2856 415 2932 16,
427 2857 576 2920 aenaria
589 2905 616 2922 ..
666 2857 871 2922 sententiam
888 2858 924 2921 in
939 2857 1052 2939 ipsum
1071 2857 1177 2921 latam
1194 2865 1238 2922 et.

432 2954 619 3040 latescere

266 3079 342 3155 333,
380 3081 411 3155 8,
426 3079 559 3142 sciturus
666 3077 789 3142 sciens

264 3237 315 3249 -
361 3203 583 3278 lomentum
666 3201 897 3266 inventurum.

265 3362 316 3372 -
361 3327 412 3402 26,
422 3347 492 3410 poa
508 3347 567 3390 esso
583 3327 618 3390 ie
666 3345 786 3407 pacem
802 3344 878 3388 esse
890 3325 1021 3388 initam.

425 3425 538 3508 juonis

266 3553 340 3628 334,
380 3550 588 3627 inimicatur
667 3544 743 3608 The
767 3543 907 3608 Cotton.
925 3543 1003 3608 Ms.
1026 3544 1113 3607 adds
1134 3544 1227 3622 here,
1245 3544 1369 3608 ‘Hen·
1573 3574 1574 3581 ,

689 3645 781 3706 ricus
818 3645 1068 3725 primogenitus
1100 3644 1192 3726 regis
1223 3644 1369 3708 Henrici

689 3742 781 3825 apud
800 3742 1146 3807 westmonasterium
1170 3743 1224 3808 die
1244 3744 1281 3808 S.
1299 3745 1369 3806 Ba-

689 3842 757 3905 silii
781 3861 803 3904 a
826 3842 980 3923 Rogero‚
996 3841 1254 3924 archiepiscopo
1278 3842 1369 3906 Ebo-

689 3941 836 4018 racensi,
856 3950 977 4005 contra
995 3941 1190 4006 libertatem
1214 3941 1369 4005 ecclesiae

691 4039 952 4105 Cantuariensis
967 4049 1152 4107 coronatus
1165 4036 1240 4119 est}
1257 4041 1369 4106 which

689 4141 747 4203 the
779 4139 987 4222 Cambridge
1020 4141 1098 4204 MS.
1130 4140 1194 4205 has
1228 4161 1272 4204 on
1311 4140 1370 4204 the

688 4241 835 4322 margin.
882 4239 1052 4324 Compare
1065 4240 1135 4306 vol.
1150 4239 1187 4305 ii.
1203 4260 1238 4323 p.
1254 4240 1330 4304 354.
