3150 4992
588 466 788 518 nncrrouns
812 469 943 518 vamn.
1275 459 1320 523 79

211 651 321 716 tribas
336 652 494 735 personis
509 659 592 716 sunt
607 672 676 718 nna
693 653 903 731 substantia,
920 659 956 717 et
972 653 1075 718 nnius
1090 657 1267 737 potentiae,
1283 668 1319 724 et

210 752 247 815 in
264 771 334 815 una
351 751 547 816 substantia
562 760 632 817 tres
649 771 817 836 personae.
871 752 960 816 Haec
983 753 1063 817 lidei
1088 763 1218 820 nostrae
1241 778 1319 840 pro-

212 851 317 915 fessio
340 870 410 916 non
436 851 572 916 tantum
594 873 616 917 a
639 853 780 920 Christo
805 859 841 916 et
869 853 945 937 ejus
972 855 1179 937 sequacibus
1209 857 1319 922 traxit

212 951 404 1028 exordium,
422 951 481 1016 sed
505 971 526 1015 a
550 949 675 1036 Moyse
698 960 733 1016 et
750 951 958 1036 patriarchis
975 959 1010 1016 et
1028 954 1204 1036 prophetis
1219 976 1320 1021 suum

211 1049 332 1114 habuit
347 1051 619 1115 fundamentum.
673 1051 717 1116 In
741 1053 831 1117 libro
859 1052 994 1135 Moysis
1012 1052 1140 1118 divinae
1159 1058 1320 1121 essentiae

212 1151 328 1213 unitas
356 1150 565 1229 declaratur,
595 1150 818 1229 ubidicitur,
847 1149 965 1216 ‘Audi
993 1151 1117 1230 Israel,
1147 1155 1319 1222 Dominus

213 1249 312 1326 Deus
340 1258 423 1314 tuus
451 1269 541 1314 unus
570 1259 624 1316 est
637 1251 657 1330 3’
689 1253 890 1328 etiterum,
917 1251 1019 1332 ‘Ego
1043 1270 1121 1317 sum
1148 1254 1319 1321 Dominus

214 1349 310 1413 Deus
326 1357 420 1427 tuns,
436 1351 494 1432 qui
516 1351 673 1414 eduxite
696 1350 739 1413 de
755 1357 850 1416 terra
864 1351 1024 1434 AEgypti,
1045 1372 1116 1416 non
1137 1354 1238 1420 erunt
1256 1357 1319 1420 tibi

215 1448 276 1513 Dii
302 1449 406 1512 alieni
428 1456 556 1532 praeter
571 1450 650 1514 me!
702 1449 909 1514 Pluritatem
929 1451 1154 1535 personarum
1182 1452 1232 1517 ibi
1255 1474 1318 1537 pa-

214 1553 328 1612 tenter
341 1547 505 1625 insinuat,
522 1550 580 1612 ubi
594 1549 687 1626 dicit,
704 1547 913 1614 ‘Faciamus
938 1551 1109 1615 hominem
1128 1553 1173 1616 ad
1197 1550 1320 1637 imagi-

215 1667 292 1710 nem
315 1655 468 1712 nostram
484 1659 519 1711 et
534 1646 814 1714 similitudinem!
868 1649 956 1714 Cum
971 1652 1063 1715 enim
1080 1651 1234 1717 Verbum
1252 1654 1320 1719 Dei

215 1747 262 1811 sit
280 1745 390 1810 Filius
413 1747 493 1824 Dei,
515 1748 604 1812 sicut
621 1748 645 1812 J
648 1748 801 1812 ohannes
825 1756 975 1814 testatur
991 1751 1121 1830 dicens,
1135 1757 1145 1786 ‘
1161 1750 1205 1815 In
1226 1754 1320 1836 prin·

214 1844 304 1928 cipio
319 1853 394 1910 erat
409 1846 578 1924 Verbum,
593 1854 628 1911 et
645 1847 802 1913 Verbum
825 1847 901 1914 erat
916 1851 1009 1932 apud
1028 1851 1153 1928 Deum,
1167 1859 1203 1916 et
1219 1853 1316 1917 Deus

214 1953 290 2008 erat
304 1944 471 2010 Verbum.
525 1945 651 2011 Omnia
667 1967 729 2030 per
744 1947 857 2030 ipsum
875 1949 1077 2028 factasunt,
1093 1959 1129 2015 et
1142 1950 1217 2016 sine
1240 1953 1318 2034 ipso

213 2044 419 2108 factumest
445 2045 554 2109 nihil?
604 2045 714 2110 Vides
741 2048 834 2130 quod
865 2048 909 2111 ad
936 2049 1062 2113 Filium
1088 2056 1123 2114 et
1152 2050 1317 2133 Spiritum

214 2142 380 2208 Sanctum
397 2163 509 2208 sermo
526 2144 643 2209 Patris
660 2145 834 2228 dirigitur,
856 2167 933 2211 cnm
952 2149 1029 2212 baec
1047 2149 1116 2213 duo
1138 2149 1320 2232 pluraliter

215 2243 320 2320 dicat,
337 2239 566 2322 ‘Faciamus'
587 2254 623 2308 et
639 2251 649 2280 ‘
663 2247 842 2310 nostram?
894 2248 965 2311 Per
987 2246 1142 2312 Verbum
1169 2251 1259 2312 enim
1283 2258 1319 2313 et

215 2341 380 2425 Spiritum
399 2341 562 2408 Sanctum
588 2344 761 2408 Dominus
778 2345 877 2409 Deus
891 2347 1056 2412 universa
1070 2354 1235 2430 operatus
1252 2357 1318 2426 est,

213 2442 303 2506 sicut
327 2443 442 2506 David
463 2443 633 2526 propbeta
657 2453 914 2524 commemorat,
930 2446 1069 2512 ‘Verbo
1084 2447 1226 2511 Domini
1241 2449 1318 2512 caeli

214 2541 340 2605 firmati
353 2549 435 2605 sunt
455 2551 490 2606 et
505 2543 628 2625 spiritu
645 2545 715 2608 oris
737 2542 834 2628 ejus,'
856 2553 891 2610 et
908 2554 1045 2611 caetera.
1098 2546 1195 2610 ldem
1213 2549 1317 2611 etiam

212 2641 382 2724 propbeta
405 2641 632 2706 ministerium
658 2641 841 2708 Trinitatis
867 2646 1044 2728 eleganter
1066 2647 1230 2723 insinuat,
1258 2647 1317 2710 ubi

214 2739 266 2804 ter
287 2739 353 2804 boc
373 2757 480 2803 unum
504 2741 641 2805 ‘Dens'
665 2743 701 2805 in
723 2743 842 2807 eodem
858 2746 1035 2809 ¹versiculo
1061 2747 1188 2828 repetit
1211 2752 1247 2810 et
1266 2747 1316 2810 in·

212 2840 326 2904 oulcat
343 2839 471 2916 dicens,
490 2841 703 2906 ‘Benedicat
725 2862 788 2908 nos
812 2839 933 2921 Dens,
946 2844 1043 2908 Dens
1066 2854 1194 2922 noster,
1213 2841 1318 2909 bene-

213 2937 306 3002 dicat
335 2958 399 3003 nos
430 2938 538 3018 Dens,
566 2947 602 3004 et
629 2948 791 3006 metuant
816 2941 910 3006 eum³
928 2959 1046 3008 omnes
1075 2945 1162 3008 fines
1190 2945 1315 3008 terrae.’

212 3037 491 3102 Praenominatus
509 3038 533 3102 J
536 3036 691 3103 ohannes
710 3039 757 3102 in
770 3043 919 3123 epistola
930 3041 1007 3106 'sua
1031 3044 1197 3106 canonica
1220 3044 1316 3120 dicit,

213 3137 326 3200 ‘Tres
351 3136 434 3201 s'unt
458 3138 518 3220 qui
546 3137 778 3202 testimonium
815 3140 901 3204 dant
931 3141 968 3203 in
998 3142 1099 3218 caelo,
1133 3141 1252 3218 Pater,
1279 3152 1315 3206 et

216 3235 337 3313 Filius,
351 3242 387 3300 et
397 3235 547 3320 Spiritus
558 3237 720 3315 Sanctus,
736 3236 830 3302 ethii
847 3240 1037 3303 tresorum
1053 3234 1157 3304 sunt-3
1191 3240 1315 3305 Esaias

213 3343 328 3399 antem
362 3336 541 3418 propheta,
575 3355 677 3418 quem
714 3337 852 3419 recipis,
885 3357 923 3401 se
957 3339 1132 3403 audivisse
1164 3332 1315 3403 testatur

213 3433 381 3516 Seraphin
400 3435 598 3512 clamantia,
616 3435 797 3514 ‘Sanctus
817 3445 972 3514 sanctus,
987 3445 1128 3503 sanctus
1145 3438 1316 3503 Dominus

214 3533 310 3598 Deus¹
337 3535 531 3598 sabbaoth.’
583 3534 701 3614 Quare
723 3537 827 3600 tertio
849 3534 995 3619 replicat
1015 3539 1215 3602 ‘sanctus'l
1249 3538 1315 3601 nisi

213 3640 254 3697 ut
277 3633 311 3695 in
336 3632 487 3697 Domino
506 3634 584 3697 Deo
609 3636 824 3699 exercituum
848 3635 1037 3700 trinitatem
1063 3637 1215 3701 insinuet
1238 3657 1316 3719 per·

213 3747 387 3796 sonarum.
439 3732 504 3796 Est
518 3733 636 3816 itaque
652 3733 687 3797 in
709 3750 843 3798 summa
865 3742 900 3799 et
917 3735 1114 3800 beatissima
1131 3734 1316 3813 Trinitate,

214 3831 331 3907 Pater,
349 3833 410 3914 qui
425 3831 552 3895 Filium
565 3833 697 3913 genuit,
716 3834 837 3907 Filius,
852 3835 912 3917 qni
930 3836 1067 3916 genitus
1086 3842 1140 3899 est
1157 3854 1179 3898 a
1198 3835 1313 3910 Patre,

213 3930 362 4012 Spiritus
385 3930 545 4008 Sanctus,
570 3933 629 4013 qui
654 3932 875 4015 progreditur
898 3934 942 3997 ab
968 3942 1125 4016 utroque.
1179 3934 1214 3998 N
1216 3953 1255 3997 ec
1280 3935 1316 3997 in

213 4028 272 4094 illa
303 4031 463 4110 genitura
496 4031 552 4094 vel
583 4033 803 4113 processione
835 4032 998 4097 damnum
1030 4033 1230 4097 desectionis
1260 4033 1316 4097 vel

213 4129 413 4193 minutionis
430 4147 533 4213 passa
548 4139 603 4194 est
618 4131 655 4194 in
675 4132 781 4197 Patre
796 4132 853 4197 vel
870 4132 959 4198 Filio
972 4133 1091 4197 divina
1106 4133 1314 4202 substantia.

213 4226 310 4292 Sicut
336 4230 426 4292 enim
452 4228 567 4294 lumen
598 4229 770 4295 alumine
798 4232 947 4295 sumitur
976 4234 1050 4296 sine
1077 4231 1314 4295 imminutione
