3150 4992
613 468 813 518 nncrronrs
836 470 971 517 vnnrm.
1176 457 1178 461 '
1277 455 1341 521 187

238 659 391 716 nostram
406 650 660 716 concessionem
687 658 722 715 et
739 652 1022 719 constitutionem
1037 653 1073 716 in
1089 653 1206 735 aliquo
1221 656 1340 720 veniat

237 754 292 817 vel
315 752 431 816 venire
456 759 654 834 praesumat.
708 751 745 816 Si
773 752 851 835 quis
876 772 959 816 vero
986 760 1108 817 contra
1135 753 1201 818 hoc
1223 755 1340 837 aliquo

239 859 394 936 tempore
417 852 545 928 veniat,
567 850 843 916 maledictionem
860 853 928 918 Dei
946 853 1193 935 omnipotentis
1210 863 1245 919 et
1259 852 1340 919 nos·

238 959 325 1016 tram
360 953 526 1015 incurrat.
587 951 656 1015 His
686 952 846 1028 testibus,
870 952 987 1031 Petro,
1005 953 1240 1018 Wintoniensi
1266 957 1338 1038 epi·

239 1071 357 1134 scopo,
370 1052 430 1116 W.
447 1051 679 1115 Mareschallo
695 1052 820 1116 comite
835 1051 1005 1129 Penbroc,
1024 1052 1199 1118 Willelmo
1216 1057 1341 1119 comite

239 1151 469 1228 Warrenniae,
495 1151 541 1215 R.
561 1151 686 1215 comite
711 1150 870 1230 Gestriae,
897 1153 933 1216 S.
953 1154 1078 1218 comite
1094 1153 1341 1232 wintoniensi,

240 1250 284 1314 G.
317 1251 360 1316 de
396 1250 612 1314 Mandevilla
639 1251 764 1314 comite
790 1251 990 1316 Gloverniae
1023 1260 1059 1317 et
1091 1254 1259 1330 Essexiae‚
1281 1256 1339 1320 W.

240 1353 365 1415 comite
382 1351 424 1414 de
442 1351 622 1428 Ferrariis,
641 1350 685 1414 G.
702 1350 887 1428 Briewere‚
898 1352 956 1416 W.
973 1351 1045 1416 filio
1061 1351 1216 1432 Geraldi,
1230 1355 1285 1419 W.
1299 1356 1342 1420 de

241 1450 448 1533 Cantelnpo,
486 1450 536 1515 H.
567 1451 611 1513 de
644 1449 795 1527 Nevilla,
827 1451 1002 1516 Robertns
1031 1452 1074 1516 de
1098 1453 1195 1530 Wer,
1217 1455 1274 1519 W.
1299 1456 1342 1520 de

242 1550 506 1632 Huntingefeld.
540 1546 541 1549 ’
559 1550 691 1614 Datum
716 1570 778 1632 per
795 1571 934 1615 manum
951 1553 1109 1634 magistri
1128 1553 1273 1619 Roberti
1299 1556 1341 1620 de

241 1651 394 1714 Marisco
411 1650 608 1714 cancellarii
635 1651 756 1727 nostri,
785 1650 918 1716 decimo
941 1653 1063 1734 quinto
1086 1653 1141 1716 die
1167 1652 1191 1717 J
1194 1657 1342 1732 aunarii,

241 1751 333 1834 apud
353 1750 494 1814 Novum
517 1749 698 1833 Templum
724 1749 886 1828 Londini,
909 1772 1001 1816 anno
1024 1754 1121 1833 regni
1149 1755 1259 1818 nostri
1286 1755 1342 1819 de·

240 1852 329 1914 cimo
361 1850 485 1913 sexto!
545 1847 642 1913 Nulli
675 1869 758 1930 ergo
791 1853 929 1916 omnino
957 1852 1087 1916 homini
1119 1852 1223 1918 liceat
1254 1854 1343 1919 hanc

240 1951 402 2032 paginam
433 1956 562 2014 nostrae
597 1949 866 2013 confirmationis
888 1952 1085 2033 infringere,
1113 1954 1168 2017 vel
1192 1955 1223 2018 ei
1254 1974 1342 2018 ausu

240 2051 423 2114 temerario
440 2049 643 2120 contraire„
676 2048 713 2112 Si
730 2051 807 2132 quis
830 2058 946 2114 autem
970 2052 1036 2114 hoc
1059 2059 1231 2116 attentare
1252 2074 1342 2137 prae·

239 2150 435 2233 sumpserit,
452 2148 723 2231 indignationem
738 2150 985 2232 omnipotentis
1003 2151 1082 2228 Dei,
1105 2160 1141 2216 et
1162 2154 1341 2218 beatorum

241 2247 338 2313 Petri
352 2256 386 2313 et
403 2248 506 2312 Pauli
529 2246 766 2331 apostolorum
791 2249 879 2332 ejuS,
895 2269 933 2314 se
952 2251 1088 2316 noverit
1111 2253 1340 2318 incursurum.

242 2348 372 2412 Datum
408 2349 584 2424 Laterani,
612 2347 715 2411 tertio
745 2347 908 2413 calendas
940 2348 1085 2433 Aprilis,
1119 2353 1342 2434 pontificatus

240 2449 349 2512 nostri
367 2467 458 2512 anno
473 2448 605 2513 decimo
619 2447 767 2511 octavo.'

291 2547 360 2611 His
383 2548 533 2630 peractis
556 2555 591 2612 et
615 2567 660 2610 ex
682 2555 830 2630 utraque
847 2556 946 2632 parte
963 2551 1176 2631 approbatis
1205 2552 1344 2616 exulta·

241 2655 365 2711 verunt
391 2667 521 2724 omneS,
545 2647 723 2711 credentes
746 2648 860 2712 Deum
887 2649 1153 2714 misericorditer
1169 2671 1229 2715 cor
1250 2653 1343 2734 regis

241 2747 409 2828 tetigisse,
436 2767 496 2810 cor
515 2748 559 2810 ab
584 2765 626 2810 eo
654 2747 828 2830 lapideum
854 2748 1039 2813 abstulisse
1053 2756 1088 2814 et
1105 2770 1165 2814 cor
1179 2771 1339 2817 carneum

241 2846 425 2924 addidisse,
454 2853 489 2910 et
519 2847 619 2911 utin
648 2865 689 2909 eo
722 2848 821 2912 fieret
848 2849 980 2931 optima
1013 2849 1166 2914 dexterae
1202 2851 1342 2916 Excelsi

242 2947 451 3028 permutatio
467 2967 476 3025 ;
507 2953 803 3029 speraveruntque
825 2967 944 3012 omnes
964 2956 999 3012 et
1018 2950 1159 3030 singuli,
1177 2948 1343 3032 Angliam

241 3047 342 3128 quasi
370 3046 581 3128 AEgyptiuco
606 3045 706 3129 jugo.
738 3065 807 3127 quo
834 3046 893 3110 diu
924 3055 1005 3110 ante
1027 3050 1257 3130 premebatur,
1283 3071 1344 3133 per

242 3145 308 3208 Dei
324 3147 472 3228 gratiam
487 3145 558 3208 suis
575 3145 786 3226 temporibus
802 3144 994 3222 liberatam,
1009 3153 1080 3210 tum
1099 3167 1161 3230 per
1175 3148 1344 3214 Romanae

243 3246 397 3309 ecclesiae
428 3240 687 3326 protectionem,
721 3245 821 3328 cujus
849 3245 915 3308 alis
944 3266 982 3309 sc
1013 3246 1198 3312 credebant
1225 3250 1344 3312 obum-

242 3345 345 3422 brari,
363 3352 399 3408 et
414 3345 463 3408 sic
481 3345 578 3410 velut
596 3345 659 3407 sub
675 3343 798 3426 clypeo
815 3345 942 3408 divinae
964 3345 1109 3423 militiae,
1134 3347 1190 3410 cui
1214 3349 1343 3412 servire

240 3464 386 3526 regnare
404 3451 469 3522 est,
490 3463 576 3527 pace
595 3451 631 3507 et
645 3443 805 3507 libertate
826 3444 989 3527 gaudere,
1002 3453 1074 3509 tum
1093 3455 1234 3529 propter
1251 3449 1343 3528 regis

240 3544 514 3608 humiliationem
534 3542 784 3619 desideratam,
812 3563 917 3625 quam
952 3545 1087 3628 [quem]
1118 3555 1344 3629 speraverant

241 3644 333 3707 omni
354 3643 610 3708 mansuetudini
632 3650 667 3707 et
685 3644 763 3725 paci
785 3643 946 3709 foeliciter
967 3646 1166 3709 inclinatam
1184 3646 1340 3729 [inclina-

243 3743 344 3822 tum].
391 3742 458 3806 Sed
475 3743 577 3824 longe
592 3742 704 3820 aliter,
723 3743 810 3825 proh
824 3743 936 3826 pudor
953 3753 988 3808 et
1001 3746 1086 3826 prob
1104 3745 1221 3810 dolor!
1246 3755 1281 3810 et
1294 3749 1342 3810 ni-

241 3843 309 3905 rnis
319 3842 532 3912 dissimiliter
549 3862 651 3924 qnam
668 3849 845 3924 speratum
861 3843 938 3920 suit,
950 3845 1078 3909 evenit.
1130 3845 1345 3910 Credebatnr

241 3941 380 4005 fortuna
407 3941 590 4006 arridendo
615 3949 734 4005 nectar
753 3943 969 4024 propinasse,
992 3963 1067 4007 cum
1091 3944 1200 4008 sellita
1218 3948 1344 4027 pocula

241 4048 275 4104 et
296 4060 430 4105 venena
458 4041 680 4124 praepuravit.
733 4040 824 4106 Ecce
848 4044 935 4106 enim
964 4043 1026 4106 filii
1054 4044 1179 4120 Belial,
1205 4045 1344 4110 diabolo

239 4149 456 4222 procurante,
493 4141 552 4222 qui
585 4142 800 4219 successibus
831 4142 1006 4205 hominum
1038 4163 1082 4206 ex
1114 4145 1258 4226 antiqua
1280 4165 1344 4209 sua

240 4240 486 4304 consuetudine
510 4241 686 4322 [invidet],
706 4240 865 4304 videlicet
882 4243 1028 4324 ruptarii
1051 4242 1262 4325 nequissimi,
1284 4247 1343 4326 qui
