3150 4992
271 461 294 525 2
646 478 845 528 uncrrouns
872 478 1006 527 viare.

271 659 463 742 ignominia
481 658 706 724 recitabitur.’
753 659 804 724 Ut
826 660 934 742 igitur
959 679 1199 742 perversorum
1218 659 1373 724 deviten-

273 767 330 824 tur
343 778 495 842 gressus,
505 760 686 836 bonorum,
702 779 847 844 quorum
864 768 964 841 gesta
979 759 1215 835 describimus,
1225 761 1373 840 vestigia

272 878 458 944 sequamur
486 858 707 941 pedetentim,
736 879 815 923 ecce
840 858 973 923 fructus
1004 861 1263 943 scripturarum,
1294 879 1372 923 ecce

273 959 451 1043 speculum
482 959 643 1022 humanae
673 958 899 1023 conditionis!
963 960 1042 1023 Hac
1072 960 1114 1024 de
1147 978 1263 1036 causa,
1293 959 1374 1023 licet

273 1059 352 1123 aliae
372 1078 442 1122 non
458 1057 583 1134 desint,
602 1057 744 1142 Moyses
761 1057 941 1141 legislator
959 1060 996 1123 in
1010 1058 1132 1124 Veteri
1148 1060 1373 1124 Testamento

272 1158 504 1223 innocentiam
535 1157 637 1235 Abel,
671 1157 836 1222 invidiam
870 1157 971 1237 Cain,
1000 1158 1219 1223 dolositatem
1248 1158 1374 1234 Jacob,

274 1259 521 1340 negligentiam
558 1258 663 1335 Fsau,
699 1258 955 1339 simplicitatem
993 1258 1075 1337 Job,
1111 1259 1279 1323 malitiam
1311 1277 1375 1319 un-

228 1427 231 1432 ,
273 1357 383 1423 decim
422 1357 576 1422 filiorum
610 1351 733 1434 Israel,
770 1357 975 1423 bonitatem
1000 1358 1205 1435 duodecimi,
1243 1357 1375 1421 scilicet

275 1456 421 1541 Joseph,
450 1476 590 1542 poenam
610 1458 762 1539 quinque
786 1457 979 1534 civitatum,
1002 1459 1242 1540 poenitentiam
1271 1457 1373 1520 Nini-

275 1556 436 1633 vitarum,
466 1557 666 1622 manifestat
693 1565 728 1621 et
752 1550 933 1638 scripturis
958 1557 1228 1621 commendando
1252 1557 1374 1620 nititur

275 1663 501 1739 perpetuare;
533 1665 572 1720 nt
599 1657 649 1721 sic
680 1656 812 1721 scilicet
846 1658 955 1721 bonos
985 1656 1177 1734 imitemur,
1206 1655 1374 1720 malorum

275 1763 396 1820 autem·
421 1775 498 1820 esse
525 1754 748 1838 pedissequos
779 1756 1037 1820 abhorreamus.
1090 1756 1147 1820 Ad
1176 1757 1242 1821 hoc
1268 1755 1374 1819 anhe-

275 1854 388 1919 lantes
414 1855 527 1920 sancti
554 1856 792 1938 evangelistae,
817 1855 983 1938 theologi,
1012 1855 1188 1939 Josephus
1218 1855 1376 1918 historio-

275 1954 429 2037 graphus
455 1953 639 2031 Hebraeus,
665 1954 862 2036 Cyprianus
885 1954 1170 2036 Carthaginensis
1195 1956 1377 2036 episcopus

276 2061 313 2118 et
332 2060 475 2136 martyr,
496 2053 665 2117 Eusebius
685 2054 922 2132 Caesariensis,
947 2054 1182 2138 Hieronymus
1202 2054 1376 2131 sacerdos,

276 2152 447 2237 Sulpitius
471 2153 631 2231 Severus,
659 2153 885 2230 Fortunatae,
909 2154 1008 2218 Beda
1030 2157 1210 2236 presbyter
1232 2173 1376 2218 venera-

277 2253 368 2331 bilis,
388 2260 424 2317 et
446 2250 598 2336 Prosper
623 2252 865 2335 Aquitanicus
889 2261 989 2335 gesta
1015 2254 1083 2318 Dei
1108 2254 1320 2336 scripserunt
1341 2262 1377 2317 et

278 2353 498 2434 antiquorum
515 2373 523 2432 ;
541 2404 543 2410 ,
564 2360 612 2430 et,
643 2361 684 2416 ut
716 2353 761 2415 ad
794 2354 978 2417 modernos
1011 2354 1160 2430 veniam,
1194 2353 1375 2416 Marianus

279 2451 404 2516 Scotus
421 2451 603 2517 Fuldensis
619 2451 819 2528 monachus,
835 2460 872 2516 et
887 2452 1099 2534 Sigisbertus
1116 2451 1377 2516 Gemblacensis

279 2549 479 2626 monachuS,
503 2559 538 2614 et
551 2549 691 2632 quidam
704 2551 763 2613 alii
777 2554 926 2632 pectoris
947 2551 1118 2635 profundi,
1139 2552 1300 2617 chronica
1318 2572 1376 2617 ve·

276 2650 407 2720 raciter
422 2649 612 2714 ediderunt.
659 2651 704 2715 Et
718 2649 773 2713 bie
788 2671 851 2714 nos
866 2651 1049 2733 incipimus
1062 2643 1256 2734 Anglorum
1273 2651 1375 2716 chro-

278 2750 369 2826 nica,
395 2769 417 2812 a
439 2749 526 2813 duce
553 2749 831 2813 Normannorum
859 2751 1048 2828 Willelmo,
1070 2752 1130 2832 qui
1150 2753 1194 2815 ab
1218 2750 1376 2815 Haraldo

278 2846 472 2930 Anglorum
502 2867 583 2930 rege
611 2847 742 2933 perfido
768 2857 804 2912 et
828 2851 966 2934 perjuro
991 2850 1186 2928 lacessitus,
1213 2851 1328 2933 ipsum
1355 2870 1377 2914 a

279 2948 378 3028 regni
408 2947 496 3012 solio
521 2948 654 3030 depulit
682 2947 949 3030 diffiduciatum
989 2950 1090 3034 cujus
1119 2951 1202 3014 facti
1235 2969 1374 3014 oausam

276 3047 465 3112 lectoribus
480 3048 630 3112 breviter
644 3047 821 3112 intimabo.
938 3101 942 3106 .
1150 3048 1153 3053 ’

277 3247 321 3313 P.
340 3253 414 3328 513,
532 3242 717 3325 Navigans
742 3250 857 3307 autem
880 3244 971 3307 idem
999 3243 1191 3322 Haraldus,
1212 3245 1294 3309 dum
1315 3245 1376 3310 ad-

277 3349 301 3412 l.
318 3351 379 3413 16.
398 3395 427 3411 ..
480 3344 547 3406 huc
562 3343 702 3425 juvenis
723 3351 828 3418 esset,
842 3344 1001 3424 aspirans
1019 3345 1063 3407 ad
1079 3365 1221 3426 regnum
1234 3345 1374 3427 Angliae

275 3484 279 3493 ›
294 3469 333 3532 p,
348 3449 424 3522 516,
480 3449 517 3505 et
535 3450 660 3522 sponte
681 3442 869 3522 spaciatus,
895 3443 1090 3524 navigando
1111 3452 1231 3526 raptus
1253 3453 1307 3508 est
1324 3446 1375 3507 in-

288 3547 309 3610 l.
325 3549 357 3623 9,
373 3547 422 3610 Da
484 3541 582 3604 vitus¹
594 3541 628 3605 vi
646 3548 837 3617 ventorum,
854 3548 900 3617 et,
916 3541 996 3605 dum
1016 3543 1214 3633 Flandriam
1231 3544 1376 3608 credidit

279 3666 407 3709 cormea-
480 3659 517 3703 se
533 3640 704 3721 attigisse,
718 3640 917 3723 compulsus
932 3641 1075 3706 venitin
1090 3643 1275 3706 Pontinam
1294 3663 1374 3725 pro-

279 3745 359 3808 tinus
377 3794 384 3808 .
399 3791 428 3807 ..
481 3739 647 3818 vinciam;
674 3737 776 3820 quem
798 3748 938 3822 captum
958 3743 1079 3806 consul
1104 3742 1271 3806 Ponticus
1285 3741 1373 3806 Wil-

275 3842 449 3929 pulemou-
481 3838 585 3903 lclmo
612 3838 893 3904 Normannorum
921 3841 1000 3904 duci
1030 3843 1264 3923 praesentavit.
1325 3842 1376 3906 At

276 3943 363 4007 dum.
480 3938 660 4002 Haraldus
684 3940 860 4003 asserebat
883 3959 922 4003 se
945 3940 1017 4004 lraec
1041 3941 1158 4005 omnia
1179 3949 1301 4023 sponte
1325 3942 1375 4005 ie·

480 4038 580 4116 cisse,
601 4046 642 4102 ut
665 4039 754 4103 clam
782 4040 922 4103 veniens
952 4040 987 4103 in
1015 4040 1267 4104 Normanniam
1293 4061 1376 4104 con·

480 4138 706 4202 foederaretur
727 4138 819 4214 duci,
842 4139 947 4202 filiam
970 4140 1045 4223 ejus
1066 4141 1102 4203 in
1124 4159 1287 4223 sponsam
1317 4160 1375 4204 ac·

480 4244 664 4320 ceptnrus3
698 4239 789 4321 quod
821 4245 856 4302 et
881 4238 1015 4320 juravit
1043 4258 1147 4321 super
1176 4248 1375 4303 sanctorum

1552 622 1554 693 l
