3150 4992
274 486 299 527 X
677 481 967 529 INTRODO0T10N;

275 663 381 744 giam,
408 662 547 746 quidam
577 662 620 726 ad
652 665 738 727 alias
762 664 921 744 regiones
945 663 1187 744 confugerunt,
1209 665 1376 728 malentes

275 763 450 844 propriam
481 764 721 826 strenuitatem
752 771 788 828 et
815 764 979 826 virtutem
1007 763 1170 844 experiri,
1197 783 1301 845 quam
1327 764 1376 827 in-

276 861 474 944 gratissimo
490 870 640 944 tyranno
655 862 833 927 Willelmo
851 871 885 926 et
900 863 1071 944 superbiae
1086 861 1266 944 subjacere
1282 863 1375 926 Nor-

275 979 490 1026 mannorum.
542 959 614 1024 Alii
633 981 769 1045 quoque
791 962 869 1024 loca
892 963 1029 1025 deserta
1050 968 1207 1042 petentes
1232 962 1374 1025 insidias

277 1059 489 1123 Normannis
506 1069 669 1142 parantes
686 1061 815 1124 multos
831 1080 875 1123 ex
893 1061 944 1124 eis
966 1067 1196 1142 peremerunt.
1247 1060 1376 1125 Reces-

276 1167 396 1222 serunt
425 1159 532 1240 igitur
558 1167 640 1223 tunc
667 1161 831 1241 temporis
857 1161 900 1222 ab
928 1157 1061 1240 Anglia
1084 1159 1288 1222 nobilissimi
1312 1161 1377 1242 riri

276 1259 419 1321 comites
449 1258 627 1321 Eaduinus
651 1266 687 1322 et
712 1259 918 1322 Morcardus
942 1259 1078 1334 fratres,
1109 1257 1311 1321 Mercberus
1340 1267 1375 1322 et

277 1355 478 1420 Weltherus
504 1357 630 1421 milites
658 1358 876 1422 invictissimi
905 1365 939 1421 et
966 1357 1169 1438 locupletes,
1198 1376 1276 1419 cum
1306 1358 1375 1438 epi-

277 1457 404 1536 scopiS,
424 1455 569 1532 clericiS,
587 1464 623 1520 et
639 1455 716 1520 aliis
731 1456 850 1520 multis
868 1457 951 1520 viris
969 1455 1263 1531 nominatissimis,
1287 1475 1373 1538 quos

277 1554 419 1635 longum
440 1563 494 1618 est
520 1555 713 1637 exprimere
737 1555 961 1633 nominatim3
993 1575 1137 1637 quorum
1160 1555 1272 1637 major
1297 1574 1374 1636 pars

277 1653 322 1716 ad
338 1654 466 1717 dictum
488 1673 602 1735 regem
627 1653 807 1718 Scotorum
828 1654 1081 1736 confugientes,
1103 1655 1146 1717 ab
1168 1654 1244 1734 ipso
1267 1654 1374 1716 hono·

277 1752 384 1829 rifice,
395 1773 437 1817 ne
446 1753 652 1817 rebellantes
666 1755 779 1836 ipsum
792 1754 881 1817 forte
899 1754 1124 1836 expellerent,
1139 1760 1221 1816 sunt
1232 1753 1373 1834 recepti.

278 1852 378 1915 Tunc
405 1853 508 1916 etiam
533 1852 714 1934 Eadgarus
746 1853 923 1934 Etheling,
948 1853 1117 1934 sanguine
1144 1860 1178 1915 et
1202 1853 1374 1934 probitate

277 1951 465 2033 praeclarus
484 1959 519 2015 et
536 1952 578 2015 de
595 1972 702 2033 regno
720 1951 858 2034 Angliae
884 1953 994 2015 haeres
1020 1952 1205 2032 legitimus,
1231 1968 1374 2014 cernens
1417 2037 1420 2040 Ι

277 2071 331 2113 res
363 2051 491 2114 natalis
516 2052 638 2132 patriae
664 2051 816 2133 undique
848 2059 966 2133 patere
996 2051 1196 2125 discrimini,
1229 2069 1373 2113 ascensa

277 2169 367 2213 nave
394 2170 470 2213 cum
496 2148 636 2229 Agathe
665 2159 775 2214 matre
806 2169 871 2213 sua
900 2158 935 2213 et
965 2150 1140 2212 sororibus
1172 2149 1375 2229 Margareta

276 2257 312 2312 et
327 2248 491 2325 Cristina,
506 2249 542 2311 in
562 2249 795 2330 Hungariam,
818 2249 876 2312 ubi
904 2256 1007 2312 natus
1032 2247 1155 2324 fuerat,
1183 2249 1375 2311 conabatur

276 2350 415 2424 reverti,
437 2347 496 2413 sed
524 2355 731 2430 tempestate
758 2350 902 2412 suborta
925 2356 1065 2412 coactus
1084 2355 1138 2410 est
1160 2347 1196 2410 in
1222 2347 1373 2410 Scotiam

277 2447 463 2527 applicare.
510 2446 591 2509 Hac
604 2447 711 2526 igitur
726 2449 907 2510 occasione
920 2455 1034 2510 actum
1050 2455 1104 2510 est
1118 2453 1157 2508 ut
1170 2445 1374 2526 Margareta

277 2546 352 2624 regi
381 2544 571 2607 Malcolmo
599 2547 722 2626 nuptui
754 2546 959 2609 traderetur.
1021 2545 1127 2608 Soror
1156 2552 1274 2608 autem
1299 2544 1374 2627 ejus

278 2643 431 2708 Cristina
462 2644 735 2707 sanctimonialis
766 2645 861 2708 facta
894 2644 1025 2708 caelesti
1056 2643 1148 2724 Regi
1180 2643 1373 2725 copulatur.

278 2740 365 2805 Nati
389 2749 470 2804 sunt
501 2742 606 2822 igitur
639 2744 768 2824 reginae
803 2744 1015 2824 Margaretae
1049 2762 1111 2805 sex
1142 2742 1204 2804 filii
1228 2750 1263 2805 et
1294 2742 1371 2804 duae

276 2841 383 2919 filiae3
423 2860 570 2922 qnorum
608 2848 690 2918 tres,
726 2843 886 2924 Edgarus
916 2843 1059 2918 scilicet,
1092 2840 1306 2916 Alexander,
1340 2848 1375 2903 et

279 2939 407 3015 David,
425 2939 532 3022 juxta
557 2942 692 3021 generis
717 2943 770 3005 sui
794 2941 1009 3004 nobilitatem
1033 2960 1133 3020 reges
1159 2947 1281 3022 postea
1301 2939 1373 3002 fue·

276 3047 366 3102 runt.
419 3039 476 3101 Ex
493 3045 576 3101 tunc
594 3059 677 3120 ergo
694 3059 814 3120 regum
832 3038 968 3120 Angliae
987 3040 1162 3114 nobilitas,
1180 3058 1201 3101 a
1224 3038 1373 3119 propriis

273 3157 337 3219 per
358 3138 580 3201 Normannos
604 3139 751 3219 expulsa
774 3139 911 3213 finibnS,
935 3138 977 3200 ad
999 3157 1099 3218 reges
1122 3137 1302 3200 Scotorum
1321 3143 1374 3199 est

276 3237 400 3300 infelici
429 3237 540 3300 sidere
573 3237 748 3315 devoluta,
774 3246 810 3300 et
838 3238 952 3301 aureis
982 3236 1107 3300 seculis
1137 3242 1375 3299 successerunt

274 3337 376 3400 luteis
394 3337 590 3415 deteriora;
615 3357 678 3400 nec
702 3355 812 3417 usque
837 3337 882 3398 ad
905 3344 1061 3416 tempora
1083 3335 1158 3399 baec
1181 3335 1374 3408 scribentis,
1444 3394 1449 3397 a

275 3435 434 3498 videlicet
455 3453 583 3497 anuum
609 3434 731 3514 gratiae
760 3450 880 3510 Mccn,
899 3442 952 3497 est
974 3434 1136 3498 inventus
1157 3447 1221 3496 rex
1237 3431 1375 3514 Angliae

274 3533 375 3596 titulo
392 3533 589 3597 sanctitatis
606 3533 805 3614 insignitus.
828 3584 831 3590 .

467 3695 638 3760 cenobium
656 3697 737 3781 quod
750 3697 874 3762 Bellum
888 3697 1008 3760 dicitur
1015 3697 1191 3782 fundatur.

325 3827 404 3890 Rex
436 3828 553 3909 itaque
579 3827 789 3906 WillelmuS,
815 3849 892 3892 cum
926 3828 1102 3892 abbatiam
1129 3830 1171 3892 de
1206 3828 1306 3891 Bello
1340 3826 1375 3889 in

273 3926 436 3988 honorem
470 3927 581 3989 sancti
614 3926 760 3990 Martini
793 3945 856 4008 pro
887 3928 1070 3990 animabus
1109 3928 1302 3990 occisorum
1342 3927 1376 3987 in

274 4025 363 4086 bello
396 4024 588 4100 fundasset,
618 4032 653 4087 et
683 4033 835 4088 castrum
869 4027 913 4088 de
947 4025 1124 4106 Hastingo
1157 4025 1375 4099 festinanter,

273 4123 364 4203 quod
388 4124 495 4186 etsie
518 4122 595 4185 ideo
621 4124 822 4204 appellavit,
847 4124 1030 4200 firmasset,
1052 4142 1174 4188 versus
1200 4123 1376 4185 Oxoniam

273 4220 338 4282 sibi
362 4221 521 4284 rebellem
549 4222 614 4284 iter
634 4229 670 4284 et
687 4222 817 4286 vexilla
840 4222 979 4299 direxit,
1004 4230 1039 4285 et
1063 4223 1173 4304 ipsam
1196 4220 1375 4284 obsidione
