3150 4992
592 475 792 523 nncrrouns
816 475 948 523 varum.
1251 460 1316 523 159

214 660 291 723 dem
331 659 354 722 J
357 659 526 723 ohannem
564 657 725 741 cupidum
760 678 836 723 esse
871 665 907 722 et
942 656 1142 740 diligentem
1171 657 1314 740 inquisi-

215 766 323 823 torem
356 767 391 824 et
424 759 667 840 acquisitorem
704 778 917 840 gemmarum
953 757 1193 841 pretiosarum,
1223 760 1317 822 misit

215 861 247 922 ei
271 859 361 922 hanc
385 858 566 942 epistolam
583 878 661 922 cum
677 858 740 922 tali
755 860 872 936 xenio,
895 857 986 940 quod
1011 858 1047 920 in
1064 856 1183 920 eadem
1201 864 1317 940 potest

216 960 390 1042 perpendi.
413 958 660 1022 ‘Innocentius
676 978 768 1041 papa
783 960 919 1034 tertiuS,
931 957 954 1020 J
957 957 1084 1033 ohanni
1099 958 1174 1038 regi
1188 956 1318 1040 Anglo

217 1067 351 1135 rum‚et
363 1066 500 1122 caetera.
537 1057 634 1121 Inter
650 1077 732 1141 opes
742 1067 912 1134 terrenas,
924 1077 1011 1140 quas
1025 1058 1182 1121 mortalis
1197 1060 1317 1122 oculus

217 1159 429 1241 concupiscit
445 1165 480 1222 et
501 1158 600 1240 quasi
616 1160 750 1222 cariora
766 1157 952 1234 desiderat,
972 1177 1093 1221 aurum
1110 1157 1263 1221 obrizum
1282 1167 1318 1223 et

216 1257 348 1341 lapides
371 1259 541 1340 pretiosos
560 1258 789 1341 principatum
811 1256 980 1322 credimus
1002 1256 1168 1321 obtinere.
1220 1257 1319 1322 Licet

218 1364 333 1422 autem
356 1358 409 1421 his
435 1365 470 1421 et
486 1358 562 1422 aliis
582 1357 712 1423 divitiis
736 1364 854 1423 vestra
879 1357 1007 1438 regalis
1032 1356 1186 1421 abundet
1207 1360 1319 1422 excel-

217 1458 337 1534 lentia,
363 1458 399 1520 in
428 1459 564 1538 signum
593 1464 709 1521 tamen
740 1457 935 1522 dilectionis
963 1465 998 1521 et
1025 1458 1148 1539 gratiae
1171 1465 1321 1539 quatuor

218 1559 363 1622 annulos
402 1577 525 1621 aureos
564 1576 641 1620 cum
674 1557 821 1622 diversis
853 1557 1025 1640 lapidibus
1057 1557 1219 1639 pretiosis
1249 1566 1318 1622 tuae

218 1655 447 1739 magnitudini
462 1656 683 1720 destinamus.
737 1655 782 1719 In
806 1657 931 1739 quibus
952 1663 986 1720 te
1006 1657 1165 1722 volumus
1191 1657 1320 1740 specia-

218 1757 297 1821 liter
310 1757 504 1838 intelligere
517 1756 674 1833 formam,
689 1776 881 1833 numerum,
899 1756 1091 1834 materiam,
1107 1764 1143 1820 et
1156 1757 1318 1834 colorem,

219 1864 259 1920 ut
274 1857 475 1940 mysterium
488 1857 605 1938 potius
619 1875 722 1938 quam
739 1855 867 1920 donum
883 1855 1054 1921 attendas.
1108 1856 1320 1920 Rotunditas

96 1969 99 1974 '
220 1956 310 2019 enim
343 1957 571 2020 aeternitatem
602 1956 785 2038 significat,
815 1975 894 2039 quae
921 1956 1021 2019 initio
1049 1963 1144 2020 caret
1176 1964 1211 2020 et
1241 1955 1319 2020 fine.

221 2057 339 2120 Habet
358 2075 441 2138 ergo
463 2056 589 2138 regalis
607 2056 767 2119 discretio
783 2056 876 2138 quod
900 2056 935 2118 in
957 2054 1068 2119 forma
1089 2056 1255 2137 requirat,
1281 2065 1319 2120 ut

221 2155 263 2220 de
297 2156 442 2219 terrenis
476 2161 631 2219 transeat
662 2155 705 2218 ad
736 2154 900 2244 caelestia,
930 2154 973 2217 de
1003 2156 1249 2238 temporalibus
1277 2156 1321 2219 ad

220 2264 349 2320 aeterna
363 2253 539 2336 procedat.
593 2253 844 2333 Quaternarius
862 2263 990 2330 autem,
1005 2257 1065 2336 qui
1084 2274 1247 2318 numerus
1268 2264 1321 2319 est

220 2355 422 2438 quadratus,
449 2354 679 2419 constantiam
706 2349 830 2418 mentis
857 2354 1042 2436 significat,
1067 2373 1145 2437 quae
1172 2374 1236 2418 nec
1264 2356 1323 2418 de-

222 2456 323 2538 primi
346 2453 447 2518 debet
469 2455 503 2517 in
531 2454 697 2529 adversiS,
718 2474 781 2517 nec
805 2455 840 2517 in
858 2455 1031 2537 prosperis
1054 2454 1203 2532 elevari3
1231 2456 1323 2536 quod

222 2563 305 2639 tunc
335 2554 552 2618 laudabiliter
587 2554 800 2636 adimplebit,
835 2574 913 2617 cum
932 2564 1099 2635 ¹quatuor
1137 2554 1322 2618 virtutibus

222 2654 467 2737 principalibus
500 2653 602 2717 suerit
632 2653 802 2731 ordinata,
826 2653 992 2718 ,videlicet
1008 2653 1157 2738 justitia,
1183 2653 1321 2718 fortitu·

222 2754 314 2830 dine,
341 2743 535 2837 prudentia,
561 2755 798 2835 temperantia.
852 2751 1034 2834 Intelligas
1056 2772 1140 2835 ergo
1154 2752 1190 2817 in
1212 2756 1323 2836 primo

218 2853 404 2938 justitiam,
421 2873 523 2935 quam
540 2872 702 2916 exerceas
722 2854 758 2915 in
772 2851 914 2938 judiciis
931 2873 940 2931 ;
967 2852 1167 2917 insecundo
1184 2852 1322 2918 fortitu·

222 2953 350 3028 dinem,
366 2973 469 3034 quam
487 2952 652 3016 exhibeas
668 2953 703 3015 in
720 2952 895 3031 adversis3
921 2954 958 3014 in
973 2953 1076 3017 tertio
1091 2951 1323 3034 prudentiam,

223 3073 326 3135 quam
342 3054 503 3117 observes
517 3052 553 3115 in
570 3050 682 3115 dubiis
698 3072 707 3130 ;
731 3051 766 3114 in
783 3059 907 3134 quarto
924 3052 1197 3133 temperantiam,
1219 3072 1323 3133 quam

223 3155 260 3216 in
286 3152 459 3235 prosperis
483 3171 554 3215 non
581 3151 753 3215 demittas.
806 3150 875 3214 Per
898 3170 1019 3214 aurum
1045 3170 1127 3214 vero
1154 3153 1326 3232 sapientia

223 3252 444 3334 designatum
477 3252 559 3334 quia
585 3251 675 3313 sicut
707 3270 828 3313 aurum
862 3251 1041 3332 praeminet
1072 3249 1220 3313 metallis
1248 3253 1326 3314 uni-

225 3352 346 3428 versis,
369 3352 418 3415 sic
439 3350 612 3432 sapientia
633 3350 733 3413 donis
759 3349 918 3414 omnibus
944 3349 1132 3426 antecellit,
1157 3350 1326 3432 propheta

225 3459 388 3527 testante,
405 3456 415 3484 ‘
431 3450 640 3538 Requiescet
662 3469 766 3532 snper
788 3469 866 3513 eum
896 3450 1038 3532 spiritus
1064 3449 1268 3531 sapientiae,’
1290 3461 1326 3515 et

114 3615 115 3618 ,
225 3559 361 3616 caetera.
414 3549 512 3614 Nihil
544 3557 597 3613 est
628 3556 744 3613 autem
777 3549 870 3631 quod
900 3569 1015 3630 regem
1047 3549 1158 3630 magis
1190 3558 1329 3631 oportet

226 3652 363 3714 habere.
410 3648 512 3713 Unde
538 3669 601 3712 rex
632 3648 691 3713 ille
713 3649 878 3731 pacificus
900 3649 1065 3713 Salomon
1087 3649 1198 3713 solam
1216 3668 1237 3712 a
1253 3651 1327 3714 Do·

226 3752 319 3814 mino
336 3749 541 3832 sapientiam
558 3749 763 3831 postulavit,
779 3758 820 3812 ut
836 3749 1002 3831 populum
1021 3748 1087 3812 sibi
1109 3750 1327 3814 commissum

227 3848 366 3931 perinde
401 3849 505 3912 sciret
537 3849 741 3930 gubernare.
810 3848 921 3912 Porro
956 3848 1131 3930 smaragdi
1158 3848 1328 3928 viriditas,

228 3949 351 4028 fidem3
384 3948 514 4030 saphiri
543 3949 724 4025 serenitas,
756 3967 876 4030 spem;
914 3946 1052 4030 granati
1081 3947 1330 4028 rubicunditas,

227 4049 426 4126 caritatem3
450 4048 575 4130 topatii
597 4047 750 4125 claritas,
776 4048 1010 4129 operationem
1035 4048 1172 4124 bonam,
1197 4049 1330 4130 signifi-

228 4156 296 4226 cat,
312 4147 354 4211 de
368 4167 438 4230 qua
454 4147 637 4222 Dominus,
654 4153 664 4181 ‘
679 4147 813 4212 Luceat
829 4147 891 4210 lux
907 4146 1045 4212 vestra!
1086 4148 1208 4211 Habes
1224 4149 1332 4230 igitur

229 4249 264 4310 in
297 4246 481 4329 smaragdo
511 4246 603 4328 quod
635 4248 764 4322 credas,
792 4247 827 4309 in
855 4247 996 4329 saphiro
1021 4247 1114 4328 quod
1143 4266 1272 4330 spereS,
1295 4251 1332 4311 in
