3150 4992
616 485 817 534 enumerans
841 487 976 535 vaura.
1283 477 1348 542 115

288 675 380 732 ante.
434 666 481 732 Et
501 668 551 732 sie
575 687 639 732 rex
658 667 770 732 victor
788 667 913 733 Aehon
931 668 1036 732 rediit
1055 669 1286 750 laetabundus,
1309 682 1345 738 et

287 775 367 849 post
384 786 514 850 pancos
535 767 608 831 dies
625 767 745 831 exiens
763 768 808 832 ad
825 767 849 831 J
851 787 952 851 open,
974 786 1043 831 non
1062 769 1166 851 longe
1186 789 1207 833 a
1228 771 1345 836 Caesa-

243 929 245 933 .
288 887 356 946 rea,
379 867 518 949 repulse
545 865 755 931 Salahadino
779 887 858 932 eum
880 875 956 931 toto
976 869 1131 932 exercitu
1158 888 1224 933 suo
1248 872 1342 935 victo

284 975 321 1031 et
345 968 492 1049 turpiter
521 966 688 1048 fugiente,
710 967 891 1031 victoriam
917 967 1105 1049 gloriosam
1132 977 1339 1035 consecutus

284 1073 350 1130 est.
403 1066 509 1130 Dedit
536 1067 644 1147 igitur
674 1073 756 1130 tnnc
779 1065 935 1131 Henrico
961 1068 1080 1149 nepoti
1106 1086 1170 1131 suo
1196 1087 1341 1151 regnum

286 1164 642 1248 Hierosolymitanum
669 1184 748 1230 cnm
776 1184 888 1230 uxore
918 1165 1093 1230 marchisii
1125 1165 1168 1229 de
1201 1167 1341 1241 Monte-

286 1265 442 1330 Ferrato.
499 1264 630 1328 Eodem
655 1273 809 1347 tempore
835 1264 979 1330 redemit
1003 1271 1202 1329 sanctorum
1233 1267 1339 1348 pluri-

284 1384 418 1429 morum
445 1364 621 1446 reliquias,
646 1383 734 1446 quas
755 1364 987 1429 Salahadinus
1015 1372 1167 1448 ceperat,
1192 1386 1256 1449 pre
1285 1366 1339 1429 in-

284 1464 383 1528 finita
395 1463 542 1546 pecunia
556 1484 565 1544 3
585 1463 635 1528 Oe.
649 1472 678 1527 ei
691 1465 733 1526 Ii.

232 1609 288 1648 PAO.
325 1609 378 1647 tut.

232 1685 284 1765 47,
323 1690 374 1764 14,
390 1698 499 1773 septae
508 1689 579 1753 atil·
630 1686 903 1771 quatuordecim.

395 1787 443 1852 lic

230 1955 281 1966 -
326 1909 378 1989 17,
390 1911 582 1998 philacteria
631 1909 835 1992 philaterna.

231 2038 283 2112 49,
322 2038 372 2112 13,
388 2033 560 2120 opperthus
631 2037 798 2119 patribus

229 2201 280 2212 -
324 2162 376 2235 23,
391 2158 564 2246 apperibue
631 2157 800 2240 patribus

228 2324 279 2335 ..
324 2287 375 2361 33,
391 2283 564 2368 diponatis
628 2280 721 2344 addit
731 2278 860 2355 Paris,
874 2276 955 2341 Hoc
970 2297 1062 2342 anno
1076 2278 1161 2342 obiit
1172 2279 1331 2343 Clemens

650 2399 752 2463 papa,
763 2379 819 2442 cui
829 2377 997 2441 successit
1008 2375 1215 2456 celestinus,
1227 2398 1248 2442 a
1262 2400 1330 2461 quo

652 2478 828 2542 Henricus
853 2478 1043 2559 imperator
1065 2485 1252 2541 coronatus
1278 2486 1332 2543 est

649 2578 685 2641 in
696 2577 819 2659 vigilia
832 2575 946 2640 sancti
960 2575 984 2639 J
986 2575 1132 2640 ohannis
1146 2578 1330 2659 Baptistae.

229 2707 281 2777 50,
343 2703 578 2780 2‚Eodemtem·
629 2701 738 2784 Hugo
770 2703 889 2784 itaque
928 2700 971 2764 de
1012 2699 1158 2764 Nonant
1195 2702 1332 2785 expulit

384 2824 463 2887 pore
647 2801 835 2865 monachos
856 2800 899 2863 de
923 2799 1071 2862 ecclesia
1089 2798 1329 2876 coventrensi,

646 2901 832 2965 instituens
873 2897 999 2962 ibidem
1043 2898 1188 2963 elericos
1229 2919 1326 2962 secu-

647 3000 747 3063 lares.

227 3126 279 3196 54,
339 3128 369 3202 5,
388 3123 500 3209 uiginti
521 3145 576 3187 ao·
625 3122 859 3204 quadraginta
877 3135 1013 3184 novem.

390 3245 455 3286 cem

226 3348 280 3421 55,
340 3349 373 3421 8,
389 3346 504 3410 caustis
623 3305 771 3421 onustis,
786 3342 936 3406 maxime
947 3359 1024 3404 cum
1038 3339 1259 3415 victualibus,
1271 3350 1326 3404 ut·

646 3450 727 3528 pote
744 3442 928 3517 frumento,
953 3437 1159 3521 amygdalis,
1180 3439 1325 3517 ficubus,

646 3543 722 3608 uvis
739 3542 851 3626 passis
868 3547 904 3605 et
915 3538 1170 3617 consimilibus;
1191 3538 1324 3602 Orelli.

224 3705 275 3716 -
341 3706 367 3719 -
391 3665 558 3729 amorosi—
624 3666 917 3740 numerositatem,
957 3681 1061 3746 quam
1108 3660 1325 3727 Caravanam

389 3774 482 3829 tutem
645 3767 771 3848 vulgus
798 3764 971 3847 appellat;
993 3761 1140 3826 antIi.

223 3932 273 3943 -
319 3891 370 3966 12,
387 3887 524 3952 aeirem
623 3890 825 3954 Turbatam.

96 3985 99 3992 ¹
223 4054 273 4065 -
319 4013 372 4088 14,
389 4007 550 4076 distribuit
621 4013 810 4089 distribuit,
839 4011 989 4075 maxime
1013 4015 1130 4072 tamen
1152 4005 1325 4072 Norman-

643 4115 709 4190 nis,
735 4132 823 4194 quos
853 4107 1084 4194 praecaeteris
1110 4107 1234 4170 dilexit
1262 4126 1323 4168 na·

644 4213 808 4275 tionibus.

1175 4336 1184 4369 1
1202 4327 1217 4369 2
