3150 4992
191 1109 192 1114 Ν
296 1019 658 1105 MATTHAEI
700 1017 1172 1101 PARISIENSIS

408 1299 778 1383 LECTIONES
817 1228 1054 1383 VARIAE.

583 1557 879 1570 ——..—....

187 1745 331 1812 Wandoc.
488 1738 675 1804 Murrum
702 1737 940 1803 Plnrsrnusrs
966 1737 1175 1808 Pnouocus.

193 1856 276 1911 lm·
293 1846 318 1909 θ’·
418 1863 472 1926 De
486 1861 774 1945 chronographia,
792 1861 826 1925 id
849 1869 903 1926 est
926 1870 1117 1946 temporum
1135 1865 1288 1949 descrip-

191 1968 228 2031 Ρ·
247 1948 321 2010 513·
381 1963 487 2039 tione,
496 1962 645 2026 locuturi
658 1961 769 2044 primo
781 1961 919 2043 quidem
931 1961 1222 2030 detrectatoribus
1234 1967 1287 2029 in·

211 2045 233 2109 l·
250 2047 302 2110 16·
384 2062 485 2138 vidis,
498 2068 533 2126 et
544 2067 699 2125 nostrum
711 2061 864 2125 laborem
875 2061 1122 2143 deputautibus
1135 2065 1286 2141 inanem,

385 2162 688 2243 respondebimus3
717 2159 843 2224 deinde
864 2162 1040 2226 benevolis
1054 2170 1091 2226 et
1109 2164 1144 2226 id
1160 2183 1288 2246 expec-

386 2263 553 2338 tantibus,
577 2260 647 2323 imo
670 2258 984 2341 depostulantibus,
1007 2281 1120 2325 rerum
1145 2270 1287 2329 causam

385 2360 548 2444 praesenti
589 2358 742 2440 Prologo
780 2358 1025 2437 describemus,
1048 2379 1102 2424 ac
1137 2363 1287 2427 breviter

372 2461 593 2542 aperiemus.
637 2457 820 2521 Delatorcs
835 2459 924 2521 enim
940 2458 1074 2535 dicunt,
1091 2458 1210 2538 ‘Quid
1227 2481 1286 2526 ne·

388 2579 484 2624 cesse
508 2565 562 2622 cst
578 2557 669 2622 vitas
689 2557 744 2621 vel
766 2565 895 2621 mortes
921 2557 1097 2622 hominum
1117 2560 1288 2625 diversos·

389 2678 456 2743 que
478 2658 597 2721 mundi
611 2675 713 2721 casus
733 2656 843 2720 literis
859 2658 1109 2735 commendare,
1131 2661 1290 2742 prodigia

389 2777 503 2822 rerum
539 2757 752 2821 diversarum
787 2756 927 2837 scriptis
964 2757 1132 2839 impressa
1166 2779 1288 2843 perpe*

390 2853 538 2921 tuarel’
601 2854 774 2919 Noveriut
799 2855 882 2938 quid
914 2856 1008 2920 dicat
1039 2857 1286 2941 philosophus;

391 2946 553 3020 ‘Omnis¹
579 2955 748 3037 siquidem
770 2955 873 3017 homo
893 2956 1099 3022 naturaliter.
1118 2958 1206 3021 scire
1228 2958 1288 3022 de·

391 3056 520 3120 siderat
533 3053 554 3135 3'
581 3062 628 3131 et,
645 3053 787 3118 ‘Homo
808 3055 882 3118 sine
903 3054 1024 3132 literis,
1045 3063 1081 3121 ct
1096 3058 1291 3138 praeterito·

393 3176 468 3218 rum
491 3153 754 3229 reminiscentia,
776 3154 812 3215 in
834 3154 1012 3217 bestialem
1032 3155 1196 3218 dilabitur
1216 3163 1289 3220 sto·

276 3279 277 3282 ¹
393 3255 573 3329 liditatcm,
595 3260 631 3317 et
648 3251 723 3334 ejus
740 3251 813 3314 vita
838 3251 909 3315 vivi
930 3251 1078 3315 hominis
1095 3255 1289 3336 reputanda

394 3361 447 3418 est
467 3353 657 3435 sepultura.
711 3351 759 3414 Et
778 3350 809 3414 si
837 3357 874 3414 tu
896 3358 1108 3415 mortuorum
1131 3354 1289 3435 antiquo·
1393 3394 1395 3397 -

394 3473 468 3516 rum
501 3460 537 3516 et
570 3451 824 3534 praeteritorum
861 3451 1112 3515 contemnendo
1150 3453 1291 3518 oblivis·

394 3552 494 3630 ceris,
526 3550 603 3633 quis
635 3551 685 3613 tui
714 3550 988 3614 reminisceturl’
1040 3550 1129 3615 Haec
1151 3560 1206 3616 est
1226 3555 1290 3617 im·

394 3637 548 3734 precatio
589 3648 778 3731 psalmistae
816 3648 975 3727 dicentis,
1004 3651 1218 3734 ‘Dispcreat
1248 3652 1290 3716 dc

393 3759 487 3816 terra
512 3748 677 3812 memoria
699 3747 814 3812 illius!
872 3748 918 3812 Et
944 3749 1098 3834 ejusdem
1125 3751 1291 3834 adoptiva

394 3849 601 3924 benedictio,
627 3853 635 3880 ‘
657 3848 700 3911 In
728 3847 893 3912 memoria
920 3855 1051 3912 aeterna
1074 3850 1140 3914 erit
1161 3850 1289 3933 justus,
1369 3908 1374 3916 .

395 3957 431 4013 et
463 3969 541 4012 cum
571 3946 809 4011 bencdictione
840 3946 964 4011 cvehct
995 3968 1118 4012 nomen
1147 3948 1223 4034 ejus
1255 3951 1291 4015 in

395 4056 562 4114 aeternum
576 4067 585 4126 3
608 4046 758 4130 injustus
775 4053 891 4110 autem
907 4066 984 4111 cum
1002 4047 1241 4113 maledictione
1258 4059 1293 4115 ct

439 4238 448 4270 ¹
460 4238 567 4302 omnm]
585 4238 691 4288 Aristot.
703 4237 861 4301 metaphys,
870 4237 916 4289 lib.
928 4239 947 4289 i.
959 4253 1016 4301 cap.
1029 4243 1052 4288 1.

1122 4331 1141 4374 Β
