3150 4992
233 435 279 500 58
607 449 809 498 nncrronns
832 448 967 496 verre.

246 574 302 610 PAG.
326 573 379 610 Li!-

237 636 589 710 walamerem
636 635 909 718 praedecessores
931 635 1128 716 praecessit3
1152 634 1214 698 sed
1232 634 1268 697 in
1288 635 1343 698 his

393 734 552 819 precessit
658 736 818 799 omnibus
843 735 959 798 factus
988 741 1043 798 est
1072 734 1152 798 Deo
1181 734 1342 817 ingratis·

658 853 778 897 s1mus.

235 999 286 1011 -
330 957 385 1034 20,
401 954 455 1020 ete·
475 955 590 1019 anuuit
636 958 692 1020 cui
707 958 832 1020 innuit.

235 1120 287 1129 —
331 1080 580 1158 abdemonis
637 1079 860 1145 Oxoniensis.

237 1209 310 1283 184,
349 1207 379 1282 6,
397 1204 578 1270 Abscede·
636 1204 729 1268 addit
750 1203 878 1279 Paris,
901 1200 1132 1266 Normannus
1153 1198 1247 1282 prior
1268 1200 1342 1263 fun-

659 1303 757 1368 davit
780 1302 961 1366 ecclesiam
986 1298 1345 1370 ChristiLondonen-

659 1404 719 1479 sis,
737 1403 803 1466 sub
820 1401 1009 1482 ordineque
1026 1399 1139 1463 sancti
1152 1397 1342 1480 Augustini

659 1501 846 1566 canonicos
864 1500 1062 1564 collocavit.

235 1673 287 1683 -
331 1629 383 1703 20,
399 1624 558 1690 interdici·
637 1624 853 1689 interdicam.

402 1746 471 1789 mus

137 1887 142 1896 ·
236 1895 287 1905 -
332 1851 384 1926 23,
402 1846 460 1912 te‘be'
637 1843 724 1908 dccet.

238 1978 312 2052 185,
352 1976 384 2048 1,
400 1970 589 2056 triquadro·
637 1967 730 2031 cdde't
750 1965 879 2042 Paris„
903 1972 1029 2029 octavo
1050 1963 1218 2029 kalendas
1242 1966 1342 2043 Maii,

401 2071 518 2157 perimo
659 2067 792 2130 scilicet
808 2066 864 2129 die
881 2066 992 2128 sancti
1008 2065 1134 2129 Marci.

237 2242 288 2254 ...
355 2199 387 2270 5,
402 2193 485 2259 etad
496 2213 590 2278 opero
637 2189 753 2253 deerat.

390 2341 398 2356 .
413 2341 440 2358 ..
453 2293 591 2356 invitent

237 2465 288 2476 ..
354 2422 385 2497 6,
400 2417 537 2482 incitem
638 2413 731 2479 addit
761 2412 887 2490 Paris,
917 2409 1024 2476 Anno
1057 2432 1195 2495 quoque
1222 2414 1342 2478 eodem

662 2515 806 2578 celebris
838 2513 1032 2577 habebatur
1069 2512 1228 2595 epistola,
1264 2533 1342 2596 quae

664 2614 843 2678 dicebatur
868 2613 1003 2676 caelitus
1028 2613 1136 2675 missa
1158 2613 1194 2675 in
1221 2632 1344 2676 manus

663 2711 844 2796 cujusdam
859 2711 1008 2795 praelati,
1028 2710 1109 2774 dum
1129 2711 1269 2775 missam
1289 2732 1345 2776 ce-

662 2813 824 2888 lebraret,
840 2811 884 2874 ad
907 2809 1149 2893 temperandas
1167 2810 1345 2876 Romano·

663 2932 738 2975 rum
763 2911 997 2986 enormitates,
1027 2928 1106 2992 quae
1128 2909 1240 2974 indies
1267 2930 1346 2975 suc-

664 3018 857 3075 creverunt.
890 3009 1129 3072 ‘Excitabitur
1138 3008 1253 3073 Roma
1263 3030 1346 3075 con·

663 3119 719 3173 tra
736 3109 946 3185 Romanum,
968 3115 1004 3172 et
1022 3107 1201 3172 Romanus
1217 3111 1346 3174 substi-

664 3217 771 3284 tutos,
797 3208 947 3272 Romam
972 3206 1132 3270 Romano
1153 3208 1344 3274 imminuet.

663 3306 934 3372 Alleviabuntnr
965 3307 1057 3370 vires
1087 3313 1278 3388 pastorum,
1311 3316 1347 3373 et

664 3407 826 3471 solatium
850 3424 968 3469 eorum
986 3406 1052 3469 erit
1066 3407 1101 3468 in
1118 3406 1202 3470 otio.
1253 3408 1346 3470 Tur·

664 3508 840 3570 babuntur
869 3503 979 3568 seduli
1003 3510 1039 3568 et
1064 3506 1225 3583 orabunt,
1251 3508 1347 3570 etin

663 3605 850 3688 lachrymis
880 3604 1066 3667 multorum
1100 3604 1165 3668 erit
1194 3607 1346 3688 requies3

663 3705 803 3768 humilis
824 3702 956 3768 alludet
975 3702 1173 3780 furibundo,
1195 3711 1230 3768 et
1251 3707 1347 3769 furor

664 3804 874 3886 extinguens
887 3802 1098 3885 palpabitur.
1124 3801 1249 3867 Novus
1260 3825 1346 3886 grex

664 3911 780 3985 speret
810 3901 854 3964 ad
884 3901 1072 3978 cumulum,
1108 3910 1143 3965 et
1177 3903 1236 3984 qui
1268 3904 1347 3968 inti-

663 4003 823 4066 tulantur
868 4002 963 4064 tenui
1010 4000 1088 4064 cibo
1129 4001 1347 4068 cibabuntur.

665 4101 850 4165 Frustrata
877 4108 931 4164 est
955 4118 1036 4181 spes
1065 4102 1291 4182 sperantium,
1311 4111 1349 4168 et

662 4201 847 4282 requiescit
876 4200 1052 4274 solatium,
1085 4200 1119 4261 in
1150 4219 1218 4281 qno
1244 4214 1347 4284 parat
