3150 4992
236 476 279 540 82
610 491 810 540 nscrronns
838 491 968 540 vnmm.

241 677 328 739 sima
352 676 462 740 traxit
492 674 671 754 originem,
696 673 849 737 fronduit
877 682 912 738 et
936 673 1065 751 floruit,
1091 673 1279 756 floremque
1304 674 1347 738 de

242 777 341 856 virga
364 775 466 838 Jesse
492 773 612 850 edidit,
636 793 740 856 quam
769 775 1019 838 vaticinaverat
1044 773 1180 850 Esaias,
1209 780 1346 856 partum

242 876 374 939 scilicet
391 876 597 955 incorruptae
617 874 761 955 virginis
785 873 961 938 indicavit.
1015 873 1103 937 Cum
1127 873 1257 936 inimici
1281 873 1347 936 Dei

244 994 409 1051 essemus,
434 994 496 1056 per
520 973 706 1036 adventum
730 973 860 1036 Christi
884 973 1095 1037 reconciliati
1113 991 1244 1050 sumus,
1258 973 1348 1036 sicut

243 1074 413 1156 propheta
432 1073 655 1156 praedixerat,
679 1072 749 1136 ‘Et
772 1073 867 1155 pax,’
889 1074 1013 1154 inquit,
1032 1074 1184 1136 ‘orietur
1197 1073 1233 1134 in
1255 1079 1349 1134 terra

244 1173 325 1236 dum
338 1174 494 1237 venerit.’
532 1172 685 1254 Ideoque
696 1173 813 1253 angeli
829 1173 864 1234 in
876 1172 984 1253 ipsius
998 1171 1349 1252 nativitate-gloriose

245 1274 341 1355 pacis
372 1272 546 1336 canticum
570 1273 779 1349 cecinerunt,
800 1270 947 1334 ‘Gloria
971 1272 1007 1333 in
1031 1271 1179 1334 excelsis
1204 1271 1293 1346 Deo,
1315 1278 1351 1335 et

247 1373 280 1434 in
306 1381 399 1436 terra
421 1391 492 1453 pax
515 1371 708 1434 hominibus
734 1371 835 1434 bonae
857 1371 1072 1434 voluntatis.’
1118 1371 1223 1434 Nova
1246 1372 1350 1433 etiam

247 1472 349 1534 stella
377 1473 489 1552 magis
519 1471 702 1552 apparuit;
735 1478 852 1552 atque,
886 1469 1106 1533 historiarum
1141 1470 1350 1544 testimonio,

249 1570 371 1635 Rornae
393 1569 470 1633 fons
499 1570 566 1633 olei
589 1569 632 1631 de
653 1569 867 1634 terratiuxit
884 1570 921 1633 in
942 1570 1117 1651 Tyberim.
1169 1569 1352 1650 Templum

248 1672 365 1746 etiam,
383 1669 475 1751 quod
491 1669 585 1732 idola
600 1687 667 1732 non
685 1670 856 1732 ruiturum
879 1668 1114 1751 praedixerant
1130 1668 1239 1731 donec
1253 1669 1351 1749 virgo

248 1776 397 1852 pareret,
413 1768 532 1832 eadem
556 1775 657 1832 nocte
679 1768 835 1832 funditus
851 1769 983 1831 corruit
999 1769 1214 1849 dissipatum.
1267 1767 1354 1830 Pro-

251 1869 367 1933 batica
391 1887 529 1950 quoque
558 1867 703 1949 piscina,
731 1887 810 1950 quae
837 1867 1092 1950 Hierosolymis
1118 1874 1205 1944 erat,
1225 1867 1269 1930 ad
1292 1867 1353 1930 ad-

250 1975 392 2034 ventum
417 1965 533 2048 angeli
555 1967 687 2030 moveri
708 1973 743 2029 et
764 1968 898 2030 sanitas
923 1966 1072 2030 conferri
1092 1967 1210 2048 coepit.
1242 1965 1355 2030 Vehe-

250 2067 461 2132 mentissime
487 2066 585 2130 nobis
609 2065 726 2130 nocuit
753 2074 854 2132 vetus
881 2063 1006 2141 Adam,
1038 2065 1098 2129 sed
1126 2066 1204 2148 plus
1225 2066 1354 2148 profuit

251 2167 351 2231 nobis
376 2185 500 2230 novus.
551 2163 712 2247 Amplius
739 2165 837 2229 nobis
863 2166 1013 2230 contulit·
1036 2164 1140 2247 hujus
1166 2164 1355 2241 humilitas,

252 2286 355 2349 quam
386 2266 549 2347 superbia
580 2264 673 2328 illius
704 2265 908 2344 abstulerit3
942 2283 1034 2342 nam,
1058 2264 1171 2328 Paulo
1196 2264 1355 2346 apostolo

252 2373 353 2442 teste,
372 2363 479 2428 ‘Non
499 2365 589 2428 sicut
611 2364 786 2440 delictum,
809 2365 861 2427 ita
881 2371 917 2428 et
935 2364 1098 2440 donum;'
1125 2365 1241 2427 damni
1265 2365 1355 2427 enim

252 2465 515 2528 aestimationem
544 2463 699 2526 beneficii
729 2463 932 2544 magnitudo
958 2463 1184 2528 transcendit.
1243 2462 1356 2541 Quem

252 2563 347 2645 prius
386 2562 568 2625 habuimus
600 2562 785 2624 terribilem
819 2563 933 2626 Deum
967 2571 1003 2627 et
1035 2563 1234 2636 Dominum,
1267 2581 1358 2625 nunc

253 2662 418 2724 habemus
441 2660 602 2724 humilem
626 2659 765 2724 fratrem
789 2667 825 2724 et
847 2662 1061 2743 proximum·
1107 2661 1268 2726 Christus
1293 2662 1359 2725 ita-

254 2780 321 2843 que
345 2779 482 2823 cursum
515 2759 738 2823 mortalitatis
766 2768 895 2824 nostrae
921 2763 1117 2843 transigens
1141 2763 1177 2825 in
1204 2761 1295 2824 fame
1323 2767 1359 2823 et

255 2860 325 2936 siti,
340 2859 376 2921 in
394 2858 598 2922 lassitudine
608 2865 651 2923 vet
664 2857 794 2935 dolore,
809 2860 890 2923 etin
906 2861 1076 2925 universis
1091 2861 1196 2944 hujus
1213 2860 1359 2923 miseriis

255 2959 350 3035 vitae,
380 2957 529 3022 traditus
552 2956 574 3021 a
600 2957 780 3040 discipulo,
808 2966 844 3022 et
868 2966 1035 3042 tanquam
1061 2960 1128 3025 vile
1151 2959 1359 3041 mancipium

255 3058 429 3133 venditus,
443 3056 652 3138 flagellatus,
668 3065 871 3140 consputus,
888 3059 997 3140 spinis
1010 3066 1208 3136 coronatus,
1225 3058 1359 3135 illusus,

255 3158 364 3224 clavis
383 3156 508 3220 affixus
533 3157 656 3240 stipiti,
680 3164 716 3221 et
738 3165 849 3222 morte
872 3159 1074 3240 turpissima
1099 3159 1359 3234 condemnatus,

256 3277 334 3339 quae
351 3277 420 3320 non
442 3257 569 3339 rapuit,
584 3257 698 3321 solvit.
752 3257 883 3339 Sponte
906 3265 1022 3320 autem
1044 3259 1147 3322 morti
1168 3278 1205 3321 se
1221 3257 1359 3333 obtulit,

257 3359 340 3439 quia
365 3357 402 3419 in
427 3356 622 3420 humilitate
644 3355 820 3432 sustinuit,
848 3357 938 3420 sicut
961 3357 1085 3420 Esaias
1107 3363 1362 3433 commemorat,

258 3455 330 3517 ‘In
360 3455 578 3530 humilitate,’
607 3455 732 3534 inquit,
763 3455 956 3537 ‘judicium
986 3457 1062 3539 ejus
1091 3457 1265 3521 sublatum
1295 3462 1360 3518 est.

259 3553 356 3616 Sicut
387 3571 499 3633 agnus
531 3551 575 3614 ad
612 3552 818 3616 occisionem
852 3553 976 3618 ductus
1006 3565 1071 3632 est,
1103 3563 1140 3621 et
1166 3557 1257 3619 sicut
1286 3555 1361 3617 ovis

258 3671 372 3716 coram
389 3650 554 3714 tondente
570 3668 619 3726 se,
634 3651 684 3714 sic
707 3665 775 3715 non
797 3655 934 3733 aperuit
949 3673 990 3717 os
1009 3655 1133 3720 snum.'
1185 3654 1257 3733 Qui
1279 3673 1362 3735 ergo

258 3750 422 3833 puerulus
452 3768 473 3812 a
503 3748 602 3832 justo
638 3749 796 3815 Simeone
830 3753 935 3816 semel
970 3754 1108 3818 oblatus
1143 3755 1180 3816 in
1219 3753 1364 3834 Templo

258 3849 371 3912 suerat
398 3850 434 3911 in
466 3856 620 3930 tempore
648 3849 734 3932 legis
762 3858 798 3914 et
821 3853 1092 3917 ceremoniarum
1116 3853 1364 3933 redemptione,

258 3969 321 4030 pro
344 3955 463 4011 nostra
485 3948 687 4012 liberatione
710 3949 746 4011 in
774 3970 876 4013 cruce
900 3970 1023 4014 manns
1045 3971 1127 4016 suas
1149 3952 1194 4014 ad
1223 3950 1363 4013 Patrem

258 4048 399 4121 levavit,
418 4047 525 4129 juxta
540 4048 626 4111 illud
650 4047 871 4125 Davidicum,
886 4055 897 4083 ‘
912 4049 1073 4115 Elevatio
1093 4070 1256 4114 manuum
1272 4067 1365 4112 mea·

258 4166 335 4209 rum
355 4147 559 4209 sacrificium
575 4146 834 4229 vespertinum?
886 4147 943 4211 Sic
966 4157 1095 4228 reatus,
1123 4169 1225 4233 quem
1249 4147 1364 4212 Adam

259 4265 320 4328 per
336 4244 531 4329 superbiam
546 4245 632 4326 ligni
647 4246 876 4310 delectatione
890 4255 1126 4328 contraxerat,
1140 4250 1261 4313 mortis
1273 4267 1365 4311 ama-
