3150 4992
260 466 329 533 306
632 485 836 535 nncrronss
858 485 992 536 vasis.

270 608 329 646 rto.
352 607 405 646 ult.

263 671 339 748 310,
357 673 408 746 11,
412 669 616 755 justiciarius
662 670 720 735 On
743 671 803 735 the
823 672 929 735 lower
950 670 1085 752 margin
1110 671 1151 735 of
1165 671 1200 734 0.
1219 670 1317 735 thero
1336 672 1368 735 is

685 770 766 834 here
785 770 902 847 noted,
918 772 1114 835 ‘Dominus
1139 771 1300 853 Rogerus
1325 771 1367 835 de

685 869 897 946 Wendovre,
915 872 1011 952 prior
1029 870 1215 953 aliquando
1236 870 1278 934 de
1301 870 1369 934 Be·

684 968 810 1045 luvair,
831 968 1009 1052 hucusque
1029 969 1191 1035 chronica
1208 988 1273 1032 sua
1292 969 1367 1034 haec

684 1066 852 1149 digessit3
885 1067 1007 1152 incipit
1039 1068 1146 1132 irater
1175 1068 1367 1134 Matthaeus

687 1166 919 1231 ParisiensiS.’

263 1325 316 1339 -
358 1325 403 1336 —
431 1287 588 1353 Gildertus
664 1308 768 1371 quem
798 1309 861 1353 rex
893 1309 1014 1355 sereno
1049 1290 1148 1354 vultu
1181 1289 1367 1371 respiciens

429 1389 541 1451 Baeset
556 1436 564 1452 .
581 1437 589 1452 .
605 1435 613 1449 .
686 1389 840 1471 suscepit
852 1390 888 1452 in
902 1389 1065 1471 amplexu
1081 1397 1116 1453 et
1125 1387 1221 1470 pacis
1235 1389 1366 1466 osculo,

430 1487 612 1551 Riclurdus
686 1489 836 1570 gratiam
852 1489 883 1551 ei
897 1489 1077 1572 pristinam
1094 1487 1318 1563 restituendo,
1333 1495 1369 1552 et

432 1586 557 1649 Siuard
687 1587 747 1650 alii
763 1588 894 1652 exules.
941 1587 1040 1650 Tunc
1055 1586 1236 1651 Hubertus
1253 1605 1367 1650 comes

688 1685 836 1762 Cantiae,
873 1706 951 1749 cum
991 1693 1093 1768 grata
1130 1685 1368 1750 recordatione

682 1784 816 1869 junctis
842 1786 1001 1848 manibus
1027 1784 1217 1868 suspiciens
1241 1783 1275 1847 in
1305 1804 1369 1848 cae-

687 1884 771 1960 lum,
789 1883 878 1948 dixit
893 1885 928 1948 in
946 1883 1049 1948 corde
1064 1890 1099 1947 et
1112 1903 1182 1960 ore,
1197 1883 1250 1946 Ὀ
1266 1882 1291 1946 J
1293 1902 1367 1959 esu,

689 1982 852 2046 Salvator·
867 1983 1041 2057 crucifixe,
1062 2002 1165 2065 quem
1180 1983 1369 2046 cruentatis

687 2081 724 2145 in
739 2101 841 2145 cruce
863 2082 1060 2146 vulneribus
1084 2081 1269 2163 aliquando
1293 2081 1371 2145 dor-

689 2181 798 2245 miens
824 2182 999 2263 conspexi,
1026 2188 1060 2244 et
1084 2181 1121 2244 in
1141 2181 1293 2244 crastino
1314 2199 1370 2243 se·

688 2279 840 2344 cundum
862 2279 1075 2343 admonitum
1100 2284 1197 2342 tuum
1220 2285 1290 2342 tuae
1311 2298 1372 2360 pe·

689 2378 783 2460 perci
820 2376 955 2459 effigiei,
986 2377 1130 2441 eandem
1162 2377 1370 2454 venerando,

689 2497 780 2540 nunc
795 2477 878 2539 mihi
890 2476 995 2541 vestri
1013 2476 1128 2558 gratia
1143 2483 1295 2558 tempore
1311 2495 1370 2558 op

689 2584 839 2658 portuno
869 2584 1005 2656 gratam
1029 2574 1215 2656 rependisti
1241 2574 1372 2638 vicissi-

690 2673 867 2736 tudinem?
910 2673 957 2737 Et
974 2681 1014 2738 ut
1035 2673 1091 2736 hic
1112 2674 1281 2755 apologus
1300 2674 1371 2737 cla-

689 2771 761 2833 rius
796 2771 969 2835 elucescat
1011 2771 1242 2848 audientibus,
1276 2771 1371 2836 facto

689 2887 799 2950 parvo
815 2871 968 2934 materiae
982 2869 1198 2947 diverticulo,
1215 2871 1371 2952 legentes

691 2969 939 3032 certificemus:
976 2969 1143 3050 Contigit,
1170 2988 1297 3051 guerra
1321 2970 1373 3032 in·

692 3074 874 3147 grassante
897 3074 1051 3149 tempore
1072 3069 1165 3149 regis
1186 3067 1372 3146 iohannis,

692 3166 784 3246 quod
810 3166 939 3248 rapinis
961 3172 996 3229 et
1020 3165 1186 3230 incendiis
1214 3166 1372 3232 attende·

691 3270 769 3326 rent
786 3284 881 3328 more
897 3284 1031 3345 guerrae
1048 3265 1186 3341 milites,
1203 3284 1280 3328 cum
1299 3284 1372 3330 ser-

691 3363 875 3437 vientibus,
886 3364 989 3444 regiis
1002 3363 1181 3445 stipendiis
1191 3364 1372 3445 assignati,

691 3463 817 3543 quibus
837 3469 986 3543 praeerat
1003 3461 1183 3526 Hubertus
1207 3481 1374 3526 memora-

693 3566 759 3623 tus.
814 3560 973 3638 Quadam
1005 3560 1112 3641 igitur
1143 3567 1256 3636 nocte,
1274 3561 1372 3638 ¹dum

690 3659 826 3739 sopitus
852 3659 924 3722 alto
951 3678 1071 3724 somno
1096 3659 1267 3722 instratu
1298 3661 1373 3743 qui·

693 3763 837 3831 esceret,
869 3757 1031 3838 apparuit
1062 3757 1094 3820 ei
1129 3757 1302 3820 Dominus
1333 3759 1372 3822 in

692 3873 794 3917 cruce
810 3854 963 3936 pendens
980 3855 1176 3932 crucifixuS,
1193 3855 1284 3920 sicut
1298 3875 1373 3920 ma-

694 3953 796 4015 nibus
809 3953 979 4017 artificum
995 3953 1084 4016 solet
1098 3953 1290 4036 insculptus
1305 3954 1374 4018 effi-

693 4052 794 4131 giari,
818 4063 852 4115 et
881 4052 943 4126 ait,
968 4051 1081 4114 ‘Cum
1103 4053 1228 4116 iterum
1244 4052 1372 4118 videris

692 4167 803 4211 meam
826 4147 983 4230 effigiem,
1005 4168 1110 4230 parce
1132 4151 1217 4214 mihi
1237 4151 1274 4214 in
1298 4152 1372 4228 illa,

689 4253 724 4310 et
742 4246 836 4310 defer
859 4266 901 4311 ac
918 4249 1107 4313 venerare!
1159 4248 1202 4312 In
1221 4251 1372 4315 crastino
