3150 4992
266 451 331 516 142
646 459 849 510 anemonas
876 458 1012 507 vsnrn.

279 593 336 628 cto.
361 591 414 628 HN·

269 657 344 731 122,
362 650 414 730 27,
429 660 498 716 eret
668 654 756 724 erat,
772 655 808 712 et
825 664 914 709 unns
931 645 975 710 de
989 643 1170 708 duodecim
1192 644 1372 726 partibus}

693 747 743 810 Oc.
760 755 788 810 et
802 746 849 810 R.

267 913 318 923 -
364 877 419 953 28,
436 875 621 959 inmantare
669 871 892 952 impugnare3
913 868 1049 932 comitis
1064 868 1171 949 igitur
1185 887 1245 930 cor
1259 873 1312 930 est
1329 867 1372 929 ad

691 968 962 1033 misericordiam
980 967 1185 1031 inclinatum
1201 987 1210 1045 ;
1231 967 1278 1029 Oe.
1291 975 1319 1029 et
1331 967 1375 1030 R.

267 1137 317 1150 -
362 1101 415 1176 32,
429 1095 622 1162 cisreddaret
670 1093 719 1156 eis
741 1093 815 1156 siue
839 1092 987 1175 alicujus
1012 1090 1293 1154 contradictionis
1315 1092 1377 1153 ob·

692 1193 839 1269 staffilo,
857 1192 914 1256 vel
942 1190 1060 1272 aliqua
1083 1188 1298 1266 difficultate,
1321 1190 1377 1253 vel

691 1311 798 1356 morae
809 1290 1000 1374 dispendio,
1014 1290 1227 1368 restitueret3
1242 1289 1376 1352 dacili.

272 1418 344 1492 123,
388 1417 419 1492 6,
429 1413 605 1497 juramnti
666 1413 871 1498 juramenti,
886 1420 926 1475 ut
941 1411 1116 1488 dixerunt,
1140 1410 1230 1493 quod
1253 1411 1289 1473 in
1313 1412 1376 1475 tali

433 1513 621 1598 ..abdicatas
693 1512 852 1588 articulo,
862 1519 898 1575 et
911 1512 947 1573 in
957 1511 1137 1575 formidine
1149 1531 1228 1593 quae
1244 1511 1280 1574 in
1295 1530 1378 1574 con-

694 1619 844 1676 stantem
878 1611 1001 1674 cadere
1036 1617 1186 1693 poterat,
1220 1618 1255 1673 et
1278 1611 1378 1692 quasi

694 1721 837 1776 coactus
848 1711 978 1774 iecerat
992 1719 1027 1775 et
1040 1711 1184 1786 invitus,
1195 1712 1377 1774 tenebatur

694 1811 893 1894 obligatum
911 1811 1065 1876 Casili.

271 1975 322 1988 --
386 1971 414 1986 -
434 1933 570 2018 aquosi
673 1941 790 2017 atque.

271 2095 323 2106 -
367 2061 422 2135 20,
439 2066 468 2121 ei
483 2058 520 2121 in
673 2067 724 2122 ut.

271 2220 322 2232 —
367 2181 624 2259 30,Eodemccco
673 2182 780 2247 desiuit
795 2203 816 2245 a
836 2182 884 2244 Oe.
902 2191 930 2244 et
944 2181 987 2244 a.

482 2281 612 2365 sucepit

273 2408 347 2482 124,
367 2409 419 2483 15,
436 2404 560 2469 imitari
675 2403 723 2469 Oe.
743 2403 842 2477 adds,
857 2400 985 2479 ‘Quod
1003 2419 1128 2464 nomen
1149 2399 1184 2465 iu
1209 2399 1377 2484 principio

696 2503 898 2566 subaratum
931 2510 1013 2565 tunc
1045 2501 1167 2564 deinde
1198 2503 1305 2582 coepit
1327 2503 1377 2565 eis

695 2601 871 2664 adhaerere
903 2620 981 2663 cnm
1006 2600 1173 2681 magister
1198 2600 1378 2665 Johannes

694 2701 787 2780 regis
806 2699 1019 2763 Francorum
1038 2700 1214 2783 physicus,
1238 2702 1378 2764 natione

695 2797 879 2880 Anglicus,
901 2804 937 2862 et
953 2799 995 2863 de
1010 2819 1100 2881 pago
1120 2801 1233 2864 sancti
1249 2798 1379 2863 Albani

695 2899 875 2976 oriundus,
916 2898 1043 2963 eisdem
1093 2899 1378 2981 praedicatoribus

695 2999 909 3062 mansionem
925 3017 1024 3061 suam
1041 2997 1145 3074 dedit,
1165 3018 1269 3081 quam
1285 3019 1380 3082 pere-

696 3099 805 3179 grinis
831 3098 1016 3180 hospitium
1043 3099 1277 3180 quaerentibus
1308 3098 1378 3161 Pa·

695 3198 799 3261 risius
830 3199 1094 3277 assignaverat3
1129 3217 1207 3280 quoe
1241 3199 1376 3261 Domus

695 3298 807 3361 sancti
819 3297 841 3361 J
845 3298 944 3363 acobi
962 3297 1074 3360 fuerat
1090 3297 1378 3379 appellata-unde

696 3395 720 3459 J
724 3397 869 3460 acobitae
903 3397 971 3479 ipsi
999 3397 1244 3480 praedicatores
1276 3397 1378 3461 hodie

696 3496 943 3577 appellantur.'

273 3659 325 3670 -
370 3603 626 3706 24‚cpcsiolicam
677 3619 927 3704 evangelicam.

277 3747 350 3820 125,
390 3747 420 3820 3,
437 3745 553 3809 Eodem
676 3741 719 3804 Iu
736 3743 794 3806 the
811 3743 910 3825 place
931 3744 972 3807 of
986 3744 1055 3808 this
1074 3746 1141 3808 and
1164 3745 1222 3810 the
1245 3745 1379 3810 follow·

439 3866 522 3910 cano
697 3843 758 3924 ing
779 3843 923 3925 chapter
947 3843 997 3907 Oe.
1015 3845 1082 3907 and
1105 3846 1147 3908 Ii.
1173 3845 1267 3922 read,
1284 3851 1295 3880 ‘
1311 3847 1378 3910 Eo·

696 3943 771 4006 dem
802 3962 893 4006 auno
917 3943 1026 4025 Hugo
1053 3945 1096 4008 de
1124 3943 1282 4022 Nunaut,
1311 3946 1380 4028 epi-

697 4061 822 4124 scopus
834 4041 1029 4105 Castrensis
1051 4045 1125 4108 sive
1142 4042 1380 4108 Conventren-

696 4143 757 4217 εἰς,
784 4143 820 4205 in
850 4141 1067 4206 Normannia
1093 4144 1247 4224 graviter
1275 4145 1381 4227 coepit

697 4240 862 4305 infirmari
887 4243 1060 4324 usquead
1082 4251 1239 4307 mortem.
1287 4243 1381 4308 Con·
