3150 4992
258 446 327 513 216
625 465 826 514 nuerronns
849 459 985 513 vnum.

261 586 319 625 rte.
353 588 407 624 ult.
1221 623 1225 630 .

261 651 316 726 25,
376 646 405 727 7,
424 652 509 714 mota
658 650 750 714 addit
780 651 908 729 Paris,
941 652 1025 718 Fuit
1055 655 1268 719 autemillis
1295 676 1363 738 pro

680 770 787 816 causa
797 751 979 818 sufficienti
992 753 1122 837 aliquid
1134 753 1253 818 haberi
1267 756 1360 838 quod
1377 812 1380 817 .

682 851 809 915 auferri
827 853 949 934 possit,
969 853 1059 917 sicut
1076 853 1292 919 consuetudo
1307 862 1361 919 est

681 950 863 1028 Romanis,
897 951 940 1015 de
976 952 1046 1016 levi
1071 972 1196 1017 causas
1219 953 1359 1019 adinve-

680 1049 752 1113 nire
784 1051 844 1114 ubi
872 1051 1017 1115 materia
1046 1053 1174 1136 praedae
1203 1053 1362 1138 subjacet

680 1149 962 1232 malignantibus.

257 1312 309 1325 —
354 1274 405 1348 11,
422 1273 555 1338 domatis
658 1272 791 1337 domus.

258 1437 308 1448 -
354 1399 404 1474 12,
423 1418 522 1461 omnes
656 1395 747 1460 deest.

257 1561 308 1573 -
353 1524 405 1598 23,
427 1521 609 1586 smndnlnm
658 1520 860 1584 scandalum
876 1529 912 1587 et
928 1522 1125 1589 ludibrium.

256 1681 308 1692 —
353 1648 407 1726 24,
417 1669 540 1732 parvas
658 1661 787 1724 parvas
805 1652 840 1708 et
853 1645 1007 1728 fragiles,

257 1805 309 1814 —
352 1765 404 1846 27,
422 1769 457 1832 in
460 1771 593 1853 simulne
657 1767 774 1833 dsunt.

256 1929 308 1941 -
352 1896 406 1970 29,
425 1896 493 1960 idae
518 1941 577 1962 ...
598 1947 606 1961 .
656 1901 836 1962 matronae.

421 2017 513 2060 naum

256 2151 307 2161 -
352 2119 406 2194 31,
422 2117 606 2203 impetus...
656 2073 777 2182 desunt.

426 2219 606 2283 ministrare

258 2340 310 2417 26,
349 2342 400 2418 15,
417 2343 568 2406 universis
656 2337 853 2401 innumeris.

255 2503 306 2514 -
350 2466 404 2539 24,
418 2466 597 2550 raporum
655 2458 744 2525 aas.

256 2627 307 2638 —
350 2590 402 2665 34,
419 2610 510 2674 nsque
522 2589 568 2653 ad
655 2594 747 2651 esset
764 2606 874 2669 usque
891 2587 933 2650 ad
949 2606 1067 2653 uuum.

420 2709 523 2751 arrum

256 2805 308 2885 27,
352 2813 403 2888 25,
419 2813 603 2877 victualium
656 2809 870 2875 utensilium.

254 2967 305 2980 --
349 2937 403 3014 32,
411 2937 607 3002 constitutine
655 2933 748 2996 addit
779 2933 904 3010 Paris,
939 2934 1019 2997 Rex
1054 2941 1168 3000 autem
1202 2936 1360 3001 Franciae

677 3052 756 3096 cum
780 3032 856 3096 haec
876 3031 1031 3096 audisset
1049 3033 1108 3109 ait,
1124 3033 1273 3098 ‘Nonne
1297 3036 1358 3099 ad·

677 3131 746 3195 huc
759 3131 849 3196 vivit
857 3130 1054 3195 Willelmns
1068 3133 1358 3199 Mareschallust'

678 3232 725 3295 Et
757 3230 887 3295 dictum
916 3238 969 3294 est
997 3231 1160 3297 ‘Imma'
1211 3233 1258 3296 Et
1282 3253 1358 3310 rex,

678 3331 784 3395 ‘Nou
819 3350 902 3412 ergo
934 3330 1039 3394 timeo
1073 3331 1115 3394 de
1150 3331 1221 3395 filio
1256 3334 1358 3398 meo.'

678 3430 780 3494 Unde
798 3429 994 3494 Willelmus
1012 3430 1264 3496 Mareschallus
1278 3441 1359 3514 post

676 3529 751 3592 haec
783 3549 918 3613 semper
946 3536 1087 3594 notatus
1113 3529 1179 3594 fuit
1204 3530 1247 3595 de
1281 3551 1359 3614 pro-

675 3626 818 3691 ditione.

253 3748 307 3820 28,
347 3747 442 3823 19‚0t
452 3747 571 3830 pirata
653 3748 771 3813 desum.

413 3845 595 3930 nequissimo

250 4007 300 4021 ·-
345 3972 396 4046 28,
415 3971 567 4036 recensita
654 3979 886 4036 recensentes

416 4078 488 4134 sunt

248 4235 299 4246 -
346 4196 398 4272 29,
416 4205 603 4282 quapropter
655 4213 812 4279 magnas,
836 4207 871 4263 et
890 4198 1007 4281 plures
1027 4200 1069 4263 de
1094 4200 1296 4278 minoribus,
1322 4161 1383 4264 et·

675 4298 784 4379 galeis
802 4299 954 4363 armatis.
