3150 4992
595 472 797 521 nncrrouns
823 473 959 520 vnnrn.
1266 457 1332 523 137

273 664 326 721 est
342 657 410 721 illis
425 657 460 720 in
478 656 659 734 auxilium,
676 656 758 720 licet
775 676 844 719 non
856 655 1010 737 indigere
1027 654 1226 720 viderentur
1241 656 1329 719 mili-

273 760 323 822 tia
349 765 384 821 et
411 776 516 820 manu
546 755 697 838 pedestri
726 756 887 821 ordinata
911 764 947 820 et
979 757 1066 819 bene
1096 766 1254 830 armata;
1282 765 1329 833 et,

273 857 366 921 facto
382 858 512 940 impetu
535 856 790 932 cruentissimo,
815 856 1013 918 ceciderunt
1030 856 1130 918 multi
1156 857 1328 935 utrinque.

275 956 317 1019 In
336 976 404 1040 quo
420 957 558 1020 tandem
576 956 763 1019 certamine
786 954 912 1018 Franci
937 954 1108 1019 calculum
1125 955 1329 1018 deteriorem

273 1062 515 1139 reportarunt,
539 1056 633 1137 capti
648 1062 731 1118 sunt
744 1054 835 1118 enim
853 1054 1007 1118 universi
1021 1054 1218 1131 nobilioreS,
1234 1064 1329 1119 etex

274 1157 423 1220 catervis
447 1155 662 1237 pedestribus
684 1173 765 1236 pars
788 1155 941 1217 maxima
960 1162 1014 1218 est
1028 1153 1233 1232 interfecta3
1256 1156 1332 1237 qui-

274 1256 353 1318 dam
371 1255 524 1337 spiculiS,
540 1253 679 1336 quidam
696 1254 825 1318 lanceis
843 1253 1014 1317 vulnerati
1031 1254 1087 1317 vel
1103 1254 1239 1334 gladiis,
1259 1255 1331 1336 qui-

276 1356 355 1419 dam
389 1362 504 1418 autem
538 1353 673 1435 equinis
704 1354 850 1436 pedibus
892 1354 1097 1417 interierunt
1126 1354 1331 1417 conculcati.

278 1453 382 1537 Capti
412 1461 493 1516 sunt
516 1460 632 1517 autem
653 1454 691 1516 in
716 1453 778 1516 illo
804 1452 967 1516 conflictu
989 1473 1012 1517 a
1036 1451 1230 1516 Markadao
1260 1455 1332 1535 epi-

277 1573 401 1635 scopus
420 1551 643 1616 Belvacensis
669 1558 705 1616 et
727 1552 803 1636 ejus
824 1551 1098 1626 archidiaconus,
1122 1560 1158 1616 et
1180 1559 1332 1617 armatos

279 1653 501 1736 praesentavit
523 1671 583 1715 eos
607 1652 697 1715 idam
725 1649 940 1715 Markadeus
966 1651 1094 1728 dicens,
1110 1651 1218 1734 ‘Cepi
1236 1660 1271 1715 et
1287 1653 1331 1716 do

279 1753 352 1826 tibi,
371 1751 401 1815 Ο
420 1771 495 1827 rex,
515 1757 691 1814 cantorem
712 1758 747 1814 et
767 1769 1031 1833 responsorem
1060 1771 1187 1834 repone
1214 1770 1273 1817 eos
1298 1759 1334 1816 at

279 1870 456 1928 conserva,
475 1851 505 1915 si
522 1849 612 1914 scis?
646 1850 819 1916 Dominus
837 1857 951 1914 autem
966 1869 1070 1933 papa,
1085 1851 1142 1914 cui
1155 1852 1334 1932 proposita

280 1951 345 2015 fuit
379 1970 483 2033 super
515 1951 589 2014 haec
621 1970 682 2032 per
709 1950 900 2032 capitulum
933 1950 1180 2014 Belvacensem
1214 1952 1333 2031 gravis

280 2051 504 2133 querimonia,
537 2049 763 2114 amicabiliter
792 2050 930 2132 scripsit
955 2050 1029 2132 regi
1061 2049 1239 2113 Richardo
1270 2071 1332 2133 pro

279 2151 430 2232 episcopi
453 2149 667 2226 liberatione,
686 2169 788 2231 quem
805 2150 841 2212 in
861 2149 1009 2231 epistola
1028 2149 1093 2212 sna
1118 2149 1333 2213 carissimum

280 2251 417 2315 vocavit
430 2249 583 2326 fratrem,
601 2255 636 2311 at
649 2247 757 2310 filium
774 2245 874 2311 suum
890 2255 925 2312 et
940 2248 1106 2324 ecclesiae,
1130 2257 1168 2312 ut
1184 2249 1233 2312 sic
1251 2269 1331 2330 pro-

280 2350 374 2414 tinus
398 2349 552 2412 flecteret
573 2367 689 2428 regem
713 2347 757 2410 ad
777 2347 979 2430 parendum.
1031 2347 1205 2429 Praecepit
1227 2348 1334 2429 igitur

281 2468 355 2525 rex,
369 2449 424 2511 ,ob
453 2447 680 2512 reverentiam
711 2466 825 2530 papae,
854 2454 894 2511 ut
916 2447 1024 2510 lorica
1047 2447 1201 2528 episcopi
1226 2456 1335 2511 exuta

281 2549 348 2630 ipsi
372 2568 472 2630 papae
492 2553 760 2629 praesentaretur
774 2553 810 2610 et
827 2546 1010 2624 diceretur,
1028 2546 1140 2612 ‘Vide
1155 2565 1200 2609 an
1215 2548 1334 2612 tunica

282 2649 409 2711 filiitui
426 2648 472 2711 sit
489 2667 534 2710 an
550 2646 656 2712 nonl'
708 2645 773 2710 Cui
798 2665 902 2728 papa,
918 2645 1023 2710 ‘Non
1049 2645 1140 2708 filius
1162 2665 1260 2709 meus
1282 2655 1336 2712 est

282 2748 337 2811 vel
362 2747 538 2825 ecclesiae3
566 2746 608 2809 ad
635 2745 726 2827 ragis
752 2753 868 2809 autem
895 2746 1110 2810 voluntatem
1136 2746 1336 2825 redimatur,

284 2849 365 2929 quia
381 2847 497 2929 potius
513 2846 640 2909 Martis
658 2865 762 2926 quam
778 2844 910 2909 Christi
926 2845 1024 2908 miles
1033 2845 1233 2928 judicatur!
1272 2846 1335 2910 Se·

282 2964 397 3029 quana
429 2945 546 3010 eodem
578 2963 669 3008 anno
700 2951 810 3008 metas
841 2945 964 3008 solitas
992 2950 1209 3024 transgressa
1247 2945 1334 3009 adeo

283 3045 497 3109 Parisienses
513 3044 694 3120 exterruit,
717 3051 756 3107 ut
772 3063 836 3106 rex
851 3042 1017 3124 palatium
1035 3042 1231 3125 relinquens
1257 3063 1335 3108 cum

281 3146 351 3208 filio
370 3144 556 3211 Ludowico
574 3143 667 3226 apud
681 3150 837 3206 sanctam
851 3141 1071 3206 Genovesam
1088 3142 1334 3224 hospitaretur,

282 3254 317 3308 et
332 3245 514 3327 episcopus
530 3242 717 3307 Mauritius
735 3242 827 3324 apud
844 3251 1002 3305 sanctum
1019 3241 1210 3307 Victorem.

231 3385 288 3422 PAO.
322 3385 375 3420 tut.

232 3450 287 3524 96,
327 3449 378 3523 13,
392 3446 509 3510 Histro
518 3465 581 3531 paa-
632 3443 709 3509 The
730 3451 879 3508 account
905 3463 944 3508 as
965 3444 1068 3525 given
1095 3445 1142 3526 by
1165 3444 1214 3507 Oa.
1240 3444 1270 3507 is
1297 3462 1336 3508 as

366 3547 583 3609 arsamum
654 3543 811 3609 follows:
839 3543 930 3607 ‘His
951 3544 1002 3607 ita
1018 3544 1138 3625 gestis,
1157 3542 1180 3606 J
1183 3543 1336 3609 ohannes

368 3645 517 3709 Victorem
656 3643 761 3709 frater
786 3646 891 3726 regis,
916 3643 1058 3726 cupiens
1085 3644 1211 3707 famam
1238 3663 1337 3707 suam

656 3751 852 3808 restaurare
876 3750 912 3808 et
928 3742 1058 3806 domini
1076 3743 1168 3825 regis
1189 3742 1338 3824 gratiam

658 3863 832 3920 revocare,
841 3850 876 3907 et
887 3841 1119 3906 Marchadeus
1130 3844 1289 3925 princeps
1303 3849 1339 3906 et

658 3943 730 4005 dux
750 3943 982 4025 ruptariorum
1003 3949 1038 4005 et
1051 3941 1337 4007 incendiariorum

658 4043 694 4105 iu
721 4043 877 4106 exercitu
895 4041 987 4122 regis
1008 4040 1186 4118 Richardi,
1203 4042 1338 4122 equita-

659 4142 785 4205 tionem
799 4141 953 4205 fecerunt
968 4148 1049 4204 ante
1062 4141 1238 4204 civitatem
1257 4140 1337 4205 Bel-

659 4259 857 4319 vacensem;
879 4241 937 4304 ubi
948 4240 1029 4304 dum
1040 4241 1193 4323 captioni
1209 4239 1336 4321 praedae
