3150 4992
606 484 895 535 inunonuomorr.
1267 476 1304 537 xi

198 664 345 728 vallavit
377 671 412 727 et
444 683 519 727 earn
555 665 619 728 sihi
655 668 869 750 subjugavit.
939 668 1074 732 Deinde
1107 669 1301 735 Eboracum

201 763 414 844 properarit,
434 770 468 826 et
486 764 602 827 arbem
623 772 658 829 et
675 767 768 831 cives
786 769 876 831 ferro
894 768 1100 851 flammaque
1117 770 1304 834 miserabili

201 862 410 925 exterminio
443 862 651 942 devastavit.
714 867 850 930 Deinde
883 876 1000 949 partes
1034 865 1174 950 Angliae
1206 871 1305 952 aqui-

203 960 343 1024 lonares
362 959 536 1025 hostiliter
555 963 675 1027 adiens
698 972 810 1028 terras
835 966 961 1030 Scotiae
984 968 1215 1032 conterminas
1231 970 1304 1031 suis

200 1059 323 1122 incolis
334 1059 370 1121 in
382 1079 441 1122 ore
452 1060 559 1141 gladii
574 1062 744 1141 viduavit,
760 1065 879 1147 iraque
897 1085 1082 1130 succensus
1098 1067 1303 1144 vehementi,

202 1177 244 1221 eo
269 1157 428 1222 videlicet
449 1160 540 1239 quod
568 1163 700 1227 nobiles
726 1163 865 1245 Angliae
890 1165 1056 1246 profugos
1080 1174 1304 1248 receptasset,

203 1256 370 1320 adversus
401 1276 517 1338 regem
548 1259 771 1324 Malcolmum
797 1264 910 1344 ipsum
937 1263 1109 1327 hostiliter
1140 1266 1304 1346 impetere

203 1356 396 1438 proposuit.
453 1356 520 1420 Sed
554 1359 763 1424 Malcolmus
792 1361 942 1443 impetus
976 1361 1052 1445 ejus
1085 1365 1304 1428 vehementer

201 1455 391 1518 formidans
416 1456 448 1518 ei
474 1456 632 1521 dextram
659 1460 765 1537 dedit,
787 1469 824 1526 et
848 1461 923 1544 ejus
946 1461 1159 1526 ferocitatem
1183 1483 1303 1528 muue-

202 1554 298 1617 ribus
313 1553 500 1636 mitigavit.

465 1737 515 1800 De
530 1740 713 1804 contentione
726 1741 859 1805 deorum
872 1742 910 1806 de
916 1752 1053 1827 populu.

256 1862 337 1926 Hoc
360 1865 465 1928 etiarn
492 1876 658 1952 tempore,
685 1873 809 1936 Romae
832 1872 1036 1938 Alexandro
1059 1882 1093 1938 et
1109 1873 1239 1939 Cadelo
1262 1877 1304 1940 de

205 1970 338 2044 papatu
364 1967 662 2047 contendentibus,
685 1971 843 2036 Mantuae
871 1973 1023 2055 synodus
1046 1984 1303 2057 congregatur3

203 2067 240 2124 et
273 2061 446 2127 mediante
480 2065 625 2145 Amone,
658 2071 857 2135 Coloniensi
893 2073 1162 2155 archiepiscopo,
1197 2074 1306 2138 Alex-

205 2159 315 2223 andro
342 2161 384 2224 de
412 2168 570 2244 symonia
592 2188 629 2232 se
655 2177 839 2252 purgante,
861 2172 897 2234 in
920 2172 1001 2235 sede
1023 2174 1215 2254 apostolica
1237 2181 1306 2237 sta-

206 2259 328 2333 tuitur,
358 2268 394 2323 et
423 2262 553 2329 Cadelo
579 2269 766 2349 expellitur
792 2272 1023 2351 symoniacus.
1077 2272 1205 2336 Eodem
1221 2279 1306 2335 tem-

205 2377 288 2439 pore
304 2365 436 2440 septem
454 2363 563 2428 millia
585 2365 761 2429 hominum
783 2369 904 2432 orandi
926 2370 1041 2449 gratia
1067 2370 1305 2435 Ierosolimam

205 2464 361 2538 petentes
389 2461 433 2522 ab
457 2459 631 2528 Arahibus
657 2457 906 2548 in'parasceve
932 2469 1064 2532 obsessi
1094 2470 1130 2534 in
1155 2472 1304 2554 quodam

204 2564 319 2620 castro
337 2559 418 2621 caesi
435 2570 528 2640 sunt,
544 2572 578 2628 et
596 2565 739 2629 totidem
757 2567 907 2631 letaliter
922 2568 1105 2632 vulnerati.

380 2805 488 2869 Notos
503 2813 545 2867 est
561 2804 626 2890 rapi
649 2803 802 2868 Willolmo
818 2805 974 2868 Hennaeas
983 2807 1120 2890 primus.

200 3008 203 3014 ,
258 2945 362 3010 Anno
386 2945 528 3008 Domini
547 2960 708 3007 nnxvur.
732 2952 835 3009 natas
858 2952 912 3009 est
929 2946 1003 3027 regi
1020 2946 1197 3011 Willelmo
1214 2947 1306 3011 filius

203 3049 240 3110 in
258 3046 389 3128 Anglia
412 3053 447 3108 et
469 3051 614 3107 vocatus
638 3052 691 3108 est
715 3044 912 3123 Henricus3
945 3066 1023 3109 nam
1055 3047 1306 3128 primogenitus

209 3146 406 3211 Willelmus
434 3143 549 3207 Rufus
576 3150 611 3206 et
642 3143 818 3207 Rohertus
843 3146 877 3206 in
905 3142 1121 3210 Normannia
1141 3147 1215 3210 nati
1233 3147 1307 3210 fue·

208 3253 290 3309 runt
317 3251 502 3326 antequam
531 3249 631 3324 pater
654 3262 771 3306 eorum
802 3242 967 3324 Angliam
996 3243 1061 3307 sihi
1089 3245 1306 3327 subjugaret.
1421 3326 1426 3336 Ι

208 3345 408 3426 Eodemque
437 3362 529 3406 anno
555 3361 618 3405 rex
647 3341 845 3406 Willelmus
877 3341 1032 3406 Roberto
1063 3343 1180 3407 comiti
1213 3345 1306 3408 dedit

209 3443 469 3510 Northumhriae
496 3441 719 3522 comitatum3
752 3442 789 3505 in
820 3461 922 3524 quem
948 3441 1103 3505 homines
1134 3442 1227 3506 illias
1253 3464 1307 3507 re-

206 3545 320 3626 gionis
346 3543 517 3606 hostiliter
538 3541 756 3623 insurgentes
777 3543 892 3622 ipsum
915 3561 992 3605 cum
1015 3543 1199 3623 nongentis
1223 3544 1306 3607 viris

207 3644 326 3708 inore
351 3640 460 3724 gladii
485 3648 714 3722 peremerunt.
768 3642 848 3705 Rex
872 3649 989 3706 autem
1013 3641 1222 3719 Willelmus,
1246 3645 1306 3726 qui

208 3743 274 3807 hoc
296 3743 441 3818 audivit,
459 3740 705 3823 superveniens
728 3760 847 3804 omnes
869 3740 973 3824 hujus
996 3742 1045 3805 rei
1071 3750 1229 3806 auctores
1252 3762 1307 3806 us-

208 3862 275 3925 que
309 3841 352 3905 ad
393 3859 500 3904 unum
535 3839 675 3904 delevit.
745 3841 878 3904 Diebus
909 3860 1046 3924 qaoque
1083 3842 1148 3904 sub
1178 3841 1305 3905 eisdem

209 3941 331 4023 Angli,
366 3942 425 4023 qui
458 3958 552 4004 more
586 3938 816 4022 Trojanorum
849 3948 885 4003 et
913 3941 1059 4004 aliorum
1090 3941 1307 4005 orientaham

207 4041 334 4104 barbas
350 4041 560 4116 nutrierunt,
583 4041 741 4122 exemplo
765 4039 1046 4104 Normannorum
1062 4059 1122 4104 eas
1137 4050 1308 4118 raserunt,

207 4161 286 4205 narn
309 4148 413 4204 autea
436 4141 496 4221 qui
522 4139 697 4203 oaesariem
719 4139 755 4203 in
778 4140 955 4204 cincinnos
981 4158 1133 4232 crescere
1165 4141 1306 4223 permit·

210 4243 343 4316 tebant,
372 4240 449 4323 jam
484 4240 595 4322 ipsam
633 4239 677 4302 ad
713 4240 874 4303 humeros
904 4240 1154 4320 totondebant3
1197 4242 1308 4305 etsie
