3150 4992
249 437 316 502 aba
618 453 820 503 anemonas
847 452 981 502 varin.

255 638 357 703 nibus
378 638 477 702 bonis
492 638 659 702 haetenus
670 639 831 722 princeps
845 634 1112 718 provinciarum,
1127 637 1221 703 facta
1237 657 1275 702 es
1291 639 1358 702 sub

252 739 397 817 tributo;
416 757 485 803 non
498 745 633 802 tantum
649 738 811 814 flammae,
828 736 923 813 sami,
937 741 973 798 et
985 735 1088 814 ferro,
1103 737 1163 801 sed
1179 757 1356 802 servorum

253 839 456 920 ignobilium
471 845 506 902 et
514 839 726 903 advenarum
741 837 886 917 imperio
901 834 1060 918 subjecta
1073 843 1110 900 et
1123 838 1356 920 subpeditata,

252 958 330 1002 cum
344 937 428 1001 nihil
442 938 612 1002 infelicius
630 956 733 1020 quam
751 955 929 1000 servorum
942 935 1067 1018 subjici
1080 937 1248 1002 servituti.
1292 937 1357 1002 Le·

254 1039 368 1121 gimus
382 1037 474 1121 quud
489 1038 590 1102 multi
607 1037 667 1101 alii
684 1055 795 1118 regeS,
808 1037 878 1099 imo
894 1042 930 1098 et
942 1035 1065 1116 reguli,
1083 1037 1250 1118 usquead
1266 1057 1358 1102 ruor-

252 1142 321 1201 tem
338 1125 401 1220 pro
414 1137 616 1201 liberatione
629 1144 730 1200 terrae
744 1155 817 1201 suae
827 1134 993 1219 subjectae
1007 1134 1227 1216 dimicarunt;
1243 1137 1303 1201 sed
1318 1144 1357 1200 tu

253 1236 276 1301 J
280 1237 444 1313 ohannes,
460 1236 615 1318 lugubris
638 1235 811 1299 memoriae
834 1255 898 1317 pro
915 1233 1040 1298 futuris
1056 1237 1193 1313 seculis,
1207 1245 1246 1301 ut
1263 1245 1356 1302 terra

252 1342 313 1400 tua
325 1337 523 1418 abantiquo
539 1336 649 1399 libera
662 1335 854 1410 ancillaret,
868 1334 1076 1415 excogitasti
1093 1342 1129 1399 et
1139 1356 1278 1418 operam
1292 1336 1357 1399 im-

251 1435 413 1518 pendisti,
435 1443 470 1498 et
487 1443 526 1499 ut
546 1435 632 1500 alios
655 1443 769 1500 tecum
789 1433 944 1498 traheres
965 1432 1001 1495 in
1024 1435 1237 1513 servitutem,
1256 1436 1357 1518 quasi

252 1535 362 1598 cauda
396 1535 593 1616 serpentina
623 1534 842 1598 medietatem
871 1533 1049 1596 stellarum
1079 1554 1101 1599 a
1127 1534 1355 1611 firmamento,

251 1633 400 1717 teipsum
432 1633 543 1716 primo
571 1634 782 1718 depressisti.
838 1633 966 1696 Factus
996 1631 1038 1696 de
1069 1653 1150 1715 rege
1181 1635 1355 1698 liberrimo

251 1733 465 1810 tributarius,
489 1733 671 1810 firmarius,
692 1740 728 1796 et
752 1733 905 1797 vasallus
930 1733 1119 1810 servitutis
1136 1742 1271 1798 -terram
1294 1755 1354 1798 no

250 1832 453 1896 bilissimam
473 1832 701 1915 chirographo
719 1833 898 1896 servitutis
915 1839 1054 1895 aeternae
1077 1833 1251 1915 obligasti,
1270 1854 1356 1897 nun-

252 1951 355 2014 quam
380 1953 402 1996 a
425 1933 587 2015 compede
611 1933 728 1996 servili
746 1931 958 1996 liberandam
979 1930 1046 1993 nisi
1066 1933 1247 1997 miseratus
1276 1933 1353 2010 Ille,

251 2032 311 2114 qui
328 2051 391 2096 nos
406 2038 442 2096 et
457 2039 567 2096 totum
586 2032 762 2108 mundum,
779 2050 866 2114 quos
883 2032 947 2093 sub
964 2032 1098 2111 peccati
1109 2031 1197 2114 jugo
1213 2040 1353 2097 vetusta

250 2132 398 2195 servitus
415 2133 538 2209 tenuit,
556 2133 716 2213 dignetur
733 2130 940 2214 quandoque
954 2129 1109 2194 liberare.
1151 2131 1196 2195 Et
1212 2131 1353 2214 quidde

252 2237 299 2308 te,
317 2233 431 2314 papal
464 2232 524 2314 qui
543 2238 642 2313 pater
664 2231 872 2306 sanctitatis,
893 2228 1070 2310 speculum
1090 2231 1242 2313 pietatis,
1258 2238 1354 2296 tutor

246 2329 406 2413 justitiae,
424 2338 459 2394 et
475 2339 591 2396 custos
608 2331 764 2395 veritatis
785 2331 849 2394 toti
870 2328 997 2392 mundo
1021 2329 1163 2394 deberes
1186 2331 1300 2395 lucere
1316 2333 1353 2395 in

252 2430 470 2512 exemplum;
498 2430 560 2495 tali
582 2431 768 2506 consentis,
786 2429 890 2494 talem
909 2427 1031 2492 laudas
1049 2436 1084 2493 et
1101 2431 1233 2493 tueris?
1285 2430 1352 2494 Sed

252 2526 317 2591 hac
331 2548 437 2591 causa
453 2528 695 2594 exhaustorem
714 2529 869 2610 pecuniae
885 2527 1090 2610 Anglicanae
1108 2537 1143 2592 et
1157 2537 1354 2594 exactorem

254 2627 443 2690 nobilitatis
471 2628 682 2691 Britannicae
716 2628 779 2690 tibi
809 2627 1030 2690 inclinantem
1058 2627 1225 2705 defendis,
1251 2636 1290 2693 ut
1317 2630 1352 2692 in

252 2724 453 2789 barathrum
480 2727 647 2790 Romanae
669 2727 826 2790 avaritiae
854 2727 970 2788 omnia
992 2728 1257 2809 demergantur3
1294 2729 1355 2792 sed

254 2823 328 2888 haec
354 2843 461 2888 causa
490 2833 526 2889 et
556 2826 736 2889 excusatio
763 2832 817 2888 est
843 2832 924 2888 ante
953 2826 1078 2902 Deum,
1104 2827 1207 2910 culpa
1237 2835 1272 2890 et
1296 2847 1356 2890 ac·

254 2924 412 2988 cusatio'
464 2925 510 2988 Et
538 2925 587 2989 sic
612 2927 758 2988 barones
787 2922 1042 3006 lachrymantes
1069 2932 1104 2988 et
1125 2926 1356 2990 lamentantes

254 3043 370 3104 regem
404 3030 439 3086 et
466 3043 591 3106 papam
626 3023 889 3099 maledixerunt,
921 3033 1104 3106 peccantes
1141 3024 1357 3108 inexpiabili-

254 3130 318 3200 ter,
357 3143 436 3187 cum
468 3124 634 3207 scriptum
667 3125 724 3201 sit,
752 3122 931 3204 ‘Principi
966 3143 1035 3186 non
1069 3125 1285 3204 maledices3'
1322 3132 1357 3189 et

253 3223 435 3288 veritatem
478 3230 512 3286 et
548 3224 774 3288 reverentiam
812 3222 1133 3304 transgredientes·
1150 3244 1228 3287 cum
1260 3224 1356 3287 illus·

253 3330 340 3385 trem
380 3321 404 3386 J
407 3321 576 3385 ohannem
617 3341 732 3404 regem
770 3321 910 3403 Angliae
945 3341 1081 3386 servum
1125 3331 1357 3399 asseruerunt,

252 3439 329 3484 cum
361 3421 437 3484 Deo
463 3422 604 3497 servire,
634 3441 779 3503 regnare
811 3420 868 3484 sit.
919 3421 1073 3484 Tandem
1101 3409 1275 3490 decretum
1304 3430 1356 3486 est

252 3526 292 3582 ut
323 3518 472 3600 aliquem
507 3527 681 3602 potentem
720 3521 755 3582 in
799 3539 913 3602 rogem
952 3520 1135 3602 eligerent,
1162 3542 1224 3603 per
1255 3541 1356 3604 quem

251 3617 386 3699 possint
418 3616 461 3680 ad
498 3619 732 3700 possessiones
767 3618 933 3702 pristinas
966 3620 1141 3697 revocari3
1179 3621 1356 3684 credentes

252 3716 345 3799 quud
373 3715 490 3778 nullus
523 3715 683 3781 Johanne
715 3717 770 3779 vel
805 3717 922 3780 durior
958 3719 1067 3799 possit
1105 3719 1285 3796 dominari,
1322 3727 1357 3782 et

252 3815 322 3879 tale
339 3815 532 3880 miserabile
550 3823 742 3880 statuentes
760 3824 1013 3898 argumentum,

612 3949 619 3976 ‘
636 3941 780 4000 Fortuuu1
794 3941 953 4001 miserrima
965 3951 1028 4000 tuta
1044 3940 1123 4022 [est]‚

529 4036 605 4096 Nam
618 4039 703 4096 timor
717 4046 836 4096 eventus
851 4037 997 4098 deterioris
1011 4040 1108 4097 abest'

501 4232 508 4264 ¹
521 4235 655 4298 Fortuna]
674 4236 751 4285 ond.
766 4237 834 4299 Epp.
845 4252 878 4286 ex
890 4237 981 4299 Ponto,
993 4251 1022 4288 11.
1034 4238 1061 4286 ii.
1072 4241 1112 4286 ³1.
