3150 4992
589 444 789 496 uncrionns
813 442 948 493 vaura.
1255 424 1321 488 105
1389 454 1392 460 ·

213 576 272 713 md,
284 575 339 712 gd,
355 635 466 700 occulto
616 632 751 697 occulte
784 628 892 711 aliqui
926 627 949 690 J
954 624 1143 701 udaeorum,
1173 643 1319 707 quorum

639 731 816 814 proprium
847 734 901 791 cst
923 725 1096 809 prohibita
1122 730 1321 807 perpetrare

640 838 745 913 atquc
758 829 884 903 facere,
899 826 982 890 illuc
997 824 1190 888 infeliciter.

239 995 266 1010 -
288 959 345 1032 26,
359 966 387 1022 et
407 956 489 1020 diris
506 977 571 1018 aaa
619 953 754 1036 regales
767 951 906 1033 egregie
923 948 1118 1012 baculatos.

371 1055 489 1121 &ribus
519 1057 573 1138 os·

362 1157 508 1239 focerunt

243 1283 274 1356 8,
313 1283 345 1355 4,
358 1278 397 1342 ob
412 1278 470 1342 hdo
486 1277 574 1342 clodo
619 1273 737 1337 dotat.

242 1443 270 1455 -
314 1408 343 1480 5,
359 1403 394 1466 ia
407 1401 544 1466 domibus
620 1397 751 1460 domos,

244 1567 270 1577 -
315 1528 344 1602 6,
360 1526 491 1590 diversis
515 1571 546 1586 ..
565 1574 572 1588 .
624 1519 810 1582 tutioribus
825 1519 1015 1582 latitantes.

374 1623 576 1688 reddiderant

206 1763 209 1768 ’
244 1789 271 1800 -·
315 1753 345 1824 8,
364 1748 508 1820 inchoato
623 1739 770 1822 antiqui.

246 1912 273 1923 -
315 1873 349 1948 9,
362 1893 474 1934 nom..
490 1891 576 1933 mod
626 1869 661 1926 et
694 1862 808 1926 factus
842 1868 896 1925 cst
928 1862 951 1925 J
955 1862 1062 1925 udaeis
1095 1881 1206 1925 annus
1246 1881 1328 1925 con·

368 1969 508 2053 fusionis
645 1960 800 2024 fusionis.

249 2135 275 2145 -
298 2097 350 2169 13,
367 2093 512 2177 quosdam
627 2091 698 2146 tres
720 2083 910 2166 culpabiles
935 2090 971 2146 ct
990 2084 1077 2147 alios
1099 2084 1330 2166 proterviores

375 2190 519 2276 suspendi
650 2181 732 2247 lecit
746 2181 990 2265 comprehendi
1006 2189 1042 2246 et
1056 2182 1229 2265 suspendi.

250 2355 276 2367 -
298 2318 350 2391 24,
369 2312 550 2377 dichorda
626 2307 713 2372 deest.

251 2479 277 2490 -
299 2435 353 2512 27,
369 2458 422 2500 co.
438 2484 445 2498 .
460 2482 466 2496 .
480 2434 580 2519 forts-
628 2431 677 2494 eis
695 2429 920 2494 forisfaceret.

369 2535 479 2620 faciat

251 2700 278 2711 -
300 2662 350 2736 28,
368 2659 506 2722 ciuitates
629 2653 723 2718 addit
739 2652 866 2730 Paris,
883 2653 1010 2716 Omnia
1024 2672 1107 2717 vcro
1129 2655 1333 2718 commercia

653 2773 766 2817 rerum
788 2753 961 2816 venalium
979 2772 1041 2835 per
1058 2758 1169 2817 totum
1189 2773 1332 2834 regnum

654 2852 847 2915 constituta
882 2858 965 2915 sunt
994 2852 1154 2931 legaliter
1187 2859 1223 2915 ct
1250 2852 1334 2915 irre-

653 2950 872 3031 fragabiliter
887 2950 989 3013 unius
1005 2950 1166 3031 ponderis
1188 2956 1224 3014 ct
1240 2970 1335 3013 men·

653 3069 754 3112 surae.

255 3221 282 3234 -
305 3185 356 3255 30,
371 3181 438 3242 Idea
452 3176 585 3240 litator-
635 3171 846 3253 Magnificus
870 3179 986 3235 autem
1007 3190 1069 3234 rex
1089 3170 1284 3234 Richardus
1302 3178 1338 3236 et

385 3278 443 3341 dos
456 3324 463 3338 .
476 3325 483 3340 .
496 3323 503 3338 .
517 3297 585 3339 coc·
657 3269 838 3334 munificus
850 3269 1027 3333 monachis
1038 3269 1336 3347 cisterciensibus,

376 3375 523 3456 firmavit
658 3370 702 3434 ad
725 3369 913 3452 capitulum
938 3369 1099 3450 gencrale
1124 3369 1166 3433 de
1192 3367 1337 3432 diversis

659 3467 760 3532 terris
787 3475 823 3531 et
842 3467 1041 3550 longinquis
1063 3467 1282 3532 venientibus
1303 3475 1338 3531 ct

660 3567 955 3644 convenientibus,
975 3573 1112 3630 centum
1129 3586 1263 3630 marcas
1285 3587 1338 3631 ar-

659 3667 754 3748 genti
785 3667 962 3730 annuatim
990 3666 1238 3750 percipiendas
1257 3687 1339 3731 con-

660 3766 763 3843 tulit3
790 3765 883 3848 quod
914 3773 949 3829 et
973 3764 1095 3828 charta
1123 3784 1187 3828 sua
1211 3766 1339 3829 eisdem

659 3863 889 3941 confirmavit,
900 3871 935 3928 et
945 3863 1008 3927 hoc
1025 3864 1068 3927 do
1080 3864 1340 3947 ecclesiaquam

659 3962 789 4027 habent
805 3965 841 4026 in
857 3963 1106 4043 Scardeburga.

264 4094 295 4168 9,
334 4093 367 4168 4,
386 4089 593 4173 opiscoporum
639 4085 732 4150 addit
751 4085 879 4162 Paris„
907 4093 943 4150 et
967 4085 1114 4149 aliorum
1140 4092 1341 4168 magnatum

662 4203 815 4248 suorum.
