3150 4992
604 573 889 622 INTRODUO'HON.
1251 577 1301 622 XV

198 754 429 819 defensionem
452 743 732 821 construxerunt.
784 756 866 821 Jam
885 749 1029 840 jamque
1052 775 1129 820 cum
1147 759 1301 824 cruentis¹

200 855 358 937 suspiriis
390 855 640 937 poenituerunt,
679 856 775 938 prius
814 855 1092 920 Normannorum
1132 857 1303 939 superbiae

201 961 388 1036 antequam
410 955 512 1017 urbes
535 961 570 1017 et
587 962 702 1018 castra
725 963 955 1037 occupassent
977 956 1095 1019 taliter
1116 975 1185 1019 non
1205 955 1303 1019 resti·

200 1053 295 1130 tisse,
328 1072 449 1116 omnes
484 1053 638 1134 profecto
671 1054 713 1116 de
749 1055 814 1118 sub
850 1054 936 1118 caelo
969 1054 1204 1133 delevissent3
1242 1055 1302 1118 sed

201 1171 320 1215 eorum
355 1151 601 1235 promissiones
639 1151 807 1229 subdolae,
842 1161 877 1216 et
907 1154 1013 1217 verba
1049 1173 1153 1236 super
1190 1153 1303 1217 oleum

201 1251 335 1315 mollita
356 1264 392 1316 et
408 1271 513 1335 super
534 1252 589 1315 lac
612 1252 754 1328 mellita,
772 1249 967 1335 Anglorum
991 1251 1206 1316 credulorum
1223 1272 1306 1317 con·

201 1349 365 1414 stantiam
381 1356 643 1415 enervaverunt.
690 1351 884 1432 Divulgato
902 1358 1017 1416 autem
1031 1349 1228 1434 hujusmodi
1250 1371 1306 1416 ru·

201 1469 310 1525 more,
346 1470 409 1513 rex
438 1449 649 1526 willelmus„
679 1449 826 1513 bellator
858 1451 1090 1527 cautissimus,
1120 1458 1305 1533 antequam

204 1548 308 1632 hujus
331 1549 595 1631 conspirationis
619 1567 782 1612 numerus
802 1550 906 1612 robur
924 1557 958 1613 et
975 1549 1124 1612 radicem
1141 1549 1175 1612 in
1197 1550 1305 1614 altum

203 1648 427 1729 germinando
445 1647 609 1724 mitteret,
627 1647 741 1711 nullas
759 1667 873 1712 moras
895 1656 1094 1725 annectens,
1112 1656 1305 1714 convocata

205 1746 312 1810 totius
337 1746 548 1811 fortitudinis
579 1766 652 1810 suae
678 1747 872 1824 nobilitate,
898 1747 943 1811 ad
972 1747 1121 1812 insulam
1147 1749 1306 1830 pervenit

205 1854 442 1923 memoratam,
465 1854 501 1910 ct
515 1847 624 1928 ipsam
642 1847 771 1922 navali,
793 1847 957 1934 pedestri,
983 1855 1019 1910 et
1036 1847 1188 1928 equestri
1209 1833 1307 1911 exer'·

204 1945 289 2009 citu'
307 1945 558 2022 circumcinxit,
587 1945 792 2028 magnisque
829 1947 985 2010 trabibus
1020 1955 1055 2010 et
1082 1946 1188 2009 ramis
1223 1965 1306 2010 con·

206 2044 420 2108 craticulatis
442 2044 478 2107 in
499 2045 650 2109 marisco
674 2051 708 2109 et
729 2045 958 2109 harundineto
976 2045 1051 2110 vias
1073 2045 1169 2127 prius
1193 2045 1307 2110 invias

207 2144 344 2225 pervias
371 2143 520 2208 reddidit
534 2151 570 2208 et
586 2145 858 2221 transmeabiles,
883 2164 1070 2227 omnesque
1097 2145 1163 2208 sibi
1188 2145 1308 2209 adver-

206 2250 324 2306 santes
347 2243 464 2306 multis
488 2243 616 2325 praeliis
638 2251 673 2307 et
693 2244 893 2320 assultibus,
912 2263 1057 2325 quorum
1074 2244 1189 2307 varios
1206 2263 1308 2308 casus

206 2342 347 2423 longum
372 2350 464 2407 esset
480 2343 681 2416 describere,
701 2342 839 2406 tandem
857 2342 1019 2406 edomuit.
1072 2341 1307 2406 Herewardus

206 2450 323 2504 tamen
346 2441 558 2524 comperiens
583 2441 700 2505 hostes
727 2461 809 2507 suos
831 2441 952 2506 diatim
978 2442 1044 2505 sibi
1066 2441 1226 2505 nocivum
1256 2443 1307 2506 in·

207 2549 419 2605 crementum
452 2542 638 2624 suscipere,
671 2542 859 2624 assumptis
887 2560 1004 2604 secum
1033 2541 1204 2605 sociorum
1228 2561 1309 2606 suo-

208 2661 284 2703 rum
300 2640 504 2722 praeelectis,
515 2660 643 2704 cuneos
654 2640 870 2704 inimicorum
880 2659 1020 2704 suorum
1034 2641 1307 2722 pertranseundo

208 2747 368 2822 potenter
398 2741 606 2822 penetravit,
633 2747 668 2803 et
697 2740 896 2804 ceciderunt
922 2741 966 2803 ab
991 2759 1034 2804 eo
1065 2738 1224 2823 dissipati
1253 2741 1308 2804 vel

206 2840 289 2903 caesi
315 2858 336 2902 a
364 2839 497 2904 dextris
521 2846 556 2903 et
589 2839 750 2916 sinistris,
778 2845 814 2903 et
846 2839 890 2903 ad
916 2839 1067 2903 Scotiam
1101 2840 1308 2920 quantocius

209 2938 387 3016 avolavit3
431 2937 521 3002 unde
554 2937 665 3001 adhuc
700 2938 819 3002 Scotia
849 2958 926 3002 cum
957 2940 1058 3002 terris
1085 2938 1152 3001 sibi
1176 2946 1310 3003 conter-

116 3056 123 3066 ·
209 3037 311 3100 minis
335 3037 510 3119 primitivo
538 3037 702 3101 nobilium
727 3036 922 3119 Anglorum
947 3036 1116 3120 sanguine
1139 3058 1310 3121 purpura-

209 3144 275 3200 tur.
330 3136 475 3200 Residui
499 3156 591 3212 vero,
615 3137 675 3217 qui
704 3137 740 3199 in
765 3136 882 3200 insula
905 3138 1141 3214 morabantur,
1171 3136 1310 3214 tandem

209 3235 303 3317 capti
331 3234 387 3300 vel
421 3244 543 3317 sponte
577 3255 652 3299 sese
685 3235 759 3316 regi
787 3241 1098 3316 praesentaverunt,
1130 3234 1309 3316 quodlibet
1391 3261 1396 3272 ·

209 3335 414 3417 supplicium
431 3334 474 3399 ad
492 3335 670 3399 arbitrium
686 3333 763 3418 ejus
778 3333 934 3397 subituri.
976 3332 1209 3398 Herewardus
1227 3354 1309 3398 vero

210 3454 287 3499 cum
306 3435 378 3497 suis
394 3434 618 3516 complicibus
640 3433 713 3514 regi
735 3433 900 3515 quamdiu
916 3433 1006 3497 vixit
1021 3432 1186 3497 damnose
1209 3434 1310 3498 nimis

211 3542 245 3598 et
260 3531 443 3597 efficaciter
459 3533 720 3599 adversabatur.

341 3699 408 3762 Bac
430 3697 602 3762 Willelmas
619 3698 697 3784 rapis
715 3699 876 3762 Scotorum
891 3696 1067 3781 domayium
1082 3698 1169 3783 cepit.

262 3828 365 3893 Anno
399 3830 540 3893 Domini
575 3846 727 3894 unxxu.
759 3848 823 3892 rex
851 3828 1047 3893 Willelmus
1076 3828 1241 3906 Scotiam,
1271 3849 1312 3894 eo

212 3929 303 4012 quod
329 3929 460 3993 nobiles
489 3929 628 4011 Angliae
655 3928 840 3993 indomitos
868 3935 1119 4010 receptaverat,
1142 3928 1313 3993 hostiliter

212 4030 382 4110 impetens
416 4029 570 4110 speravit
595 4029 721 4093 ibidem
751 4028 888 4110 aliquos
913 4027 955 4091 de
980 4026 1139 4092 hostibus
1167 4029 1240 4091 suis
1260 4028 1312 4092 in·

213 4127 354 4206 venire;
391 4128 451 4192 sed
482 4129 567 4211 ipsis
595 4129 631 4191 in
663 4129 815 4192 locorum
847 4125 992 4191 desertis
1023 4127 1244 4191 latitantibus
1278 4137 1313 4191 et

212 4227 419 4310 quandoque
441 4227 608 4310 impetum
630 4228 666 4291 in
694 4227 918 4294 Normannos
945 4227 1071 4309 raptim
1095 4226 1313 4303 facientibus,

213 4346 290 4391 cum
320 4346 390 4391 non
414 4336 532 4408 posset
557 4328 651 4410 ipsos
681 4334 841 4409 patenter
869 4327 1064 4403 convenire,
1090 4326 1171 4391 licet
1199 4326 1315 4390 omnia
