3150 4992
598 486 796 535 nnculonns
819 489 954 540 VARIAE·

218 611 275 648 PAG-
312 613 364 650 ΗΝ.

221 670 275 748 72,
316 677 367 752 29,
384 696 421 738 uu
619 693 672 749 ne,
691 673 846 738 admissi.

218 833 271 846 -
316 796 366 871 31,
383 790 552 858 introducti
618 796 711 860 duent.

221 915 273 993 73,
335 914 538 996 Laurentii
618 939 727 1003 eaque
745 921 811 985 sibi
822 921 909 1004 jam.

387 1027 458 1081 esset

337 1145 367 1218 4,
385 1140 470 1205 rebus
485 1141 548 1224 uy'us
620 1142 710 1205 bona
727 1144 833 1224 regia.

338 1267 367 1342 6,
384 1263 464 1350 rania
486 1265 573 1328 ruili-
618 1264 723 1345 regiis
740 1265 918 1330 militibus.

385 1365 433 1428 tin

316 1487 573 1566 maechabantur
617 1487 806 1550 incolumes
824 1489 1058 1552 remanebant.

316 1611 537 1694 ll,udjioiunt
620 1610 807 1691 accingunt
821 1630 870 1673 se.

380 1712 473 1774 utrium

315 1837 368 1912 13,
383 1834 522 1899 Deinde.
537 1884 544 1899 .
561 1884 568 1899 .
617 1830 779 1911 pontibus
797 1829 840 1892 ad
854 1829 919 1894 hoc
932 1832 1140 1895 constructis
1156 1839 1191 1896 et
1202 1835 1321 1898 moeni·

380 1934 555 2019 perenuium
639 1929 703 1992 bus
728 1928 890 2007 admotis,
917 1931 1039 1994 sedula
1066 1952 1185 1995 eorum
1215 1952 1322 2016 opera

640 2028 729 2091 adid
747 2038 949 2110 perventum
964 2040 1027 2106 est,
1040 2039 1079 2096 ut
1092 2031 1167 2114 jam
1185 2040 1321 2115 pateret

641 2127 725 2210 ipsis
740 2127 914 2192 introitus.

316 2258 367 2331 18,
385 2256 487 2339 sicque
621 2251 755 2315 deinde.

316 2375 368 2455 27,
386 2380 439 2462 qun'
622 2393 710 2436 cum.

265 2552 275 2579 ,
337 2506 368 2578 l,
385 2505 441 2567 υἱώ
455 2527 572 2569 omor—
621 2498 753 2561 itineris
770 2500 884 2562 sociis.

385 2601 465 2668 tibus

339 2730 368 2803 3,
378 2727 527 2812 predicti
621 2719 710 2781 dmi·

337 2853 369 2925 9,
389 2852 468 2915 Oono
622 2842 720 2905 Coun
738 2842 793 2905 vel
811 2841 984 2906 conanus.

317 2977 369 3049 10,
389 2976 523 3039 nunnus
621 2965 709 3029 drusi·

316 3102 366 3178 24,
385 3099 562 3164 Prndiutus
623 3088 709 3153 Erat
726 3097 853 3153 autem·

387 3221 468 3263 uuum

314 3359 357 3369 -
382 3323 472 3407 quast
492 3324 574 3388 tuter
621 3313 680 3394 qui
697 3319 731 3376 et
749 3314 850 3396 quasi
868 3333 912 3377 ex
929 3312 1060 3396 primis.

378 3443 501 3506 prunos

153 3561 155 3563 ’
221 3575 269 3587 -
315 3542 369 3616 29,
385 3540 439 3604 aba·
459 3588 468 3606 .
488 3590 494 3603 .
513 3590 520 3604 .
538 3544 574 3606 ta
622 3555 724 3618 quem
763 3553 893 3617 praeses
931 3535 1082 3616 regionis
1118 3543 1257 3618 captum
1291 3544 1327 3600 et

385 3662 507 3704 earcere
643 3635 798 3697 vinctum
809 3634 1009 3716 imperatori
1021 3635 1222 3700 transmisit.
1246 3635 1327 3700 Rex

645 3740 810 3816 tanquam
848 3733 1043 3815 praedonem
1086 3740 1121 3797 et
1152 3733 1326 3798 homicidii

644 3851 738 3896 reum
757 3832 934 3896 detinebat
950 3852 1027 3896 eum
1045 3833 1081 3895 in
1099 3852 1245 3897 carcere.

223 3954 274 4032 75,
334 3959 364 4033 9,
386 3957 574 4024 enaoluurunt
622 3957 714 4021 addit
728 3957 854 4035 Paris,
865 3957 996 4021 Eodem
1010 3978 1102 4021 anno
1118 3957 1229 4022 stellae
1243 3960 1328 4022 visae

644 4065 726 4120 sunt
746 4057 817 4120 labi
836 4057 879 4120 de
900 4056 987 4120 caelo
1005 4057 1041 4120 in
1062 4059 1219 4140 partibus
1237 4058 1328 4120 occi-

644 4155 840 4219 dentalibus
866 4156 900 4218 in
923 4155 1060 4237 signum
1078 4156 1181 4222 dictae
1201 4155 1329 4237 stragis

647 4260 682 4318 et
696 4255 923 4320 confusionis,

1157 4371 1178 4414 D
