3150 4992
246 456 314 522 260
617 478 816 526 anemonas
839 465 971 526 varim.

251 657 427 737 magnalia
442 657 518 721 haec
534 657 584 720 eis
600 656 759 734 adscribi,
783 660 844 742 qui
866 679 887 722 a
910 667 987 723 tota
1010 658 1273 725 christianitate
1299 666 1354 723 tot

253 764 441 836 proventus
464 757 647 838 recipiunt,
671 758 768 821 etad
795 758 1009 823 solummodo
1033 758 1177 824 Terram
1195 766 1352 823 sanctam

252 854 497 918 defendendam
518 863 635 920 tantos
655 857 808 920 redditus
831 857 1023 938 inglutiunt
1037 866 1072 923 et
1086 860 1187 940 quasi
1201 859 1237 925 in
1251 876 1352 923 vora-

253 955 333 1035 gine
350 955 503 1018 barathri
519 954 735 1036 demergunt,
757 957 1040 1038 significaverunt
1056 957 1199 1021 subdole
1215 977 1256 1022 ao
1273 976 1354 1039 pro-

253 1053 376 1116 ditiose
410 1053 562 1118 Soldano
592 1055 808 1136 Babyloniae,
839 1055 931 1137 quod
962 1055 1155 1138 imperator
1174 1056 1355 1139 proposuit

252 1152 347 1214 adire
379 1152 505 1216 flumen
536 1155 596 1216 ubi
629 1152 789 1218 Christus
820 1155 1018 1236 baptizatus
1051 1163 1106 1220 est
1139 1175 1161 1218 a
1190 1155 1353 1219 Johanne

253 1251 426 1333 Baptista,
451 1253 576 1315 ibidem
611 1252 740 1317 Christi
771 1254 920 1334 vestigia
952 1260 987 1317 et
1014 1255 1236 1337 praecursoris
1262 1253 1352 1337 ejus·

252 1350 341 1426 dem,
376 1371 446 1434 quo
477 1371 546 1414 non
578 1352 689 1433 major
721 1353 873 1415 surrexit
901 1353 992 1416 inter
1025 1361 1127 1417 natos
1157 1355 1353 1430 mulierum,

252 1449 370 1531 pedes,
393 1457 428 1514 et
444 1450 480 1513 in
501 1450 611 1514 laneis
633 1471 711 1514 cum
728 1470 838 1534 parvo
864 1453 1043 1528 comitatu,
1063 1453 1153 1516 clam
1177 1452 1353 1516 humiliter

251 1549 458 1613 adoraturus
472 1569 481 1626 3
508 1557 543 1613 et
557 1550 681 1614 ibidem
706 1560 825 1632 posset
842 1550 885 1613 ad
900 1559 1019 1615 votum
1042 1552 1187 1616 eundem
1204 1553 1353 1634 impera·

254 1655 363 1711 torem
379 1649 435 1713 vel
453 1667 576 1731 capere
594 1649 649 1713 vel
665 1650 847 1714 trucidare.
893 1649 995 1728 Quod
1019 1671 1097 1715 cum
1119 1651 1255 1715 audiret
1277 1651 1357 1715 Sol·

252 1747 363 1811 danus
380 1757 600 1825 memoratus,
616 1757 650 1813 et
664 1769 768 1831 super
780 1749 846 1813 hoc
862 1748 1015 1814 chartam
1034 1757 1118 1814 noto
1146 1751 1211 1815 sibi
1235 1749 1352 1831 sigillo

251 1847 425 1928 signatam
467 1849 718 1929 conspexisset,
756 1848 948 1912 detestatus
985 1856 1039 1913 est
1076 1849 1352 1913 Christianorum

253 1947 453 2023 versutiam,
475 1947 653 2023 invidiam,
680 1954 715 2010 et
736 1947 976 2029 proditionem,
999 1955 1035 2012 et
1050 1950 1202 2013 maxime
1219 1969 1351 2024 eorum,

253 2046 313 2126 qui
328 2044 535 2109 videbantur
553 2046 708 2110 habitum
728 2046 905 2128 religionis
929 2067 1006 2111 cum
1024 2049 1136 2112 crucis
1153 2048 1353 2112 charactere

252 2142 430 2226 bajulare3
467 2153 503 2208 et
531 2145 705 2209 advocans
728 2145 816 2209 duos
847 2147 1094 2211 secretissimos
1119 2166 1160 2210 ac
1183 2147 1352 2211 discretos

252 2243 467 2307 consiliarios
491 2245 673 2310 instillavit
698 2245 838 2308 auribus
865 2245 1003 2309 illorum
1032 2246 1204 2323 universa,
1236 2253 1354 2310 osten·

252 2341 337 2404 dens
352 2342 403 2407 eis
423 2343 617 2425 epistolam,
633 2327 686 2408 cui
704 2343 816 2407 adhuc
831 2344 969 2426 signum
993 2342 1203 2422 adhaerebat,
1227 2352 1263 2409 et
1290 2347 1353 2421 ait,

251 2440 367 2504 ‘Ecce
383 2442 531 2506 fidelitas
548 2442 844 2507 Christianorum?
882 2442 1123 2527 Inspectisque
1138 2445 1256 2520 literis
1274 2452 1355 2526 post

252 2534 393 2620 longam
418 2560 460 2604 ac
485 2541 683 2622 diligentem
707 2542 986 2606 deliberationem
1017 2545 1066 2608 sic
1089 2544 1353 2625 responderunt,

252 2638 433 2716 ‘Domine‚
465 2640 553 2703 inita
583 2649 637 2703 est
668 2660 740 2722 pax
771 2643 955 2724 utrobique
986 2643 1211 2725 beneplacita,
1247 2646 1351 2726 quem

252 2737 383 2801 violare
405 2738 635 2801 facinorosum
659 2738 748 2802 ioret
763 2740 869 2819 3-sed,
894 2740 938 2804 ad
965 2742 1116 2805 omnium
1139 2741 1353 2807 Christiano·

251 2855 328 2900 rum
345 2836 593 2914 confusionem,
611 2838 759 2902 mittatis
775 2837 864 2903 hano
878 2834 1071 2922 epistolam,
1086 2860 1163 2904 cum
1181 2841 1281 2921 signo
1293 2841 1352 2904 ad·

252 2934 410 3012 haerenti,
434 2937 502 3018 ipsi
528 2937 738 3019 imperatori,
766 2946 802 3002 et
829 2938 895 3002 erit
922 2941 1021 3003 vobis
1050 2941 1286 3019 amicissimus,
1317 2948 1352 3005 et

252 3035 398 3100 merito!
450 3035 607 3114 Quorum
625 3038 778 3101 consiliis
802 3037 974 3102 Soldanus
997 3040 1239 3122 obtemperans
1256 3041 1351 3103 misit

251 3134 379 3202 dictam
396 3136 578 3217 epistolam
599 3137 812 3219 imperatori,
829 3144 864 3200 et
878 3155 1013 3200 omnem
1029 3138 1184 3202 dolorum
1202 3138 1353 3220 [dolum]

251 3233 476 3316 praelocutum
487 3236 519 3298 ei
530 3235 759 3300 denuntiavit.
795 3235 955 3317 Insuper,
965 3236 1050 3299 'dum
1062 3238 1136 3301 heec
1148 3237 1281 3314 fierent,
1291 3240 1353 3302 im-

251 3341 392 3414 perator
405 3353 467 3415 per
479 3333 759 3415 diligentissimos
776 3343 812 3398 et
823 3335 1101 3416 expeditissimos
1115 3337 1355 3418 exploratores

252 3451 334 3496 suos
357 3433 585 3497 commonitus
610 3434 706 3515 prius
728 3433 924 3510 haesitabat,
953 3454 1021 3497 non
1049 3435 1191 3499 credens
1219 3442 1353 3500 tantam

252 3529 419 3597 malitiam
437 3531 480 3593 de
497 3531 667 3612 religiosis
684 3534 901 3615 prorupisse3
926 3538 972 3608 et,
996 3533 1078 3596 dum
1095 3535 1145 3598 sic
1164 3535 1351 3612 dubitaret,

253 3630 348 3696 veuit
361 3630 503 3693 nuntius
524 3629 664 3692 Soldani
688 3630 733 3693 ad
757 3650 834 3696 eum
856 3631 983 3695 dictam
1008 3640 1150 3714 portans
1171 3633 1203 3696 ei
1223 3635 1353 3715 episto·

252 3725 334 3802 laur,
375 3746 436 3807 per
470 3745 575 3809 quam
615 3726 751 3812 plenius
792 3728 835 3794 de
871 3731 1046 3810 praedictis
1081 3731 1353 3813 significabatur.

253 3824 420 3892 Gaudens
441 3827 549 3906 igitur
570 3825 661 3909 quod
683 3827 827 3909 laqueos
850 3828 1071 3893 absconditos
1086 3832 1265 3907 evasisset,
1283 3852 1354 3896 om·

253 3926 310 3990 nia
337 3932 439 3992 caute
461 3925 701 3990 dissimulabat
731 3927 911 4007 usquead
936 3935 1072 4009 tempus
1102 3929 1351 4008 retributionis,

252 4032 288 4092 et
309 4042 387 4105 quae
416 4024 460 4089 ad
482 4022 629 4090 reditum
655 4025 843 4091 interram
873 4045 971 4092 suam
999 4026 1135 4092 fuerant
1158 4032 1354 4094 necessaria

252 4122 475 4204 praeparavit.
528 4122 573 4188 Et
588 4122 653 4185 hoc
675 4123 741 4187 suit
758 4123 978 4198 seminarium
1000 4125 1070 4188 odii
1095 4127 1185 4190 inter
1206 4128 1354 4210 impera-

253 4229 360 4291 torem
379 4228 414 4286 et
429 4219 646 4303 Ternplarios
661 4241 702 4286 ac
718 4221 996 4306 Hospitalarios3
1021 4235 1246 4289 veruntamen
1262 4227 1352 4290 Hos
