3150 4992
579 493 779 540 nssorloNEs
803 491 934 541 VARIAE.

201 617 260 653 PAG.
297 617 348 653 uu.

201 681 255 754 50,
295 679 348 752 20,
363 675 575 760 Qniprotinae
609 676 753 740 Deinde.

201 843 254 854 -
297 802 348 877 22,
363 799 489 884 impulit
606 797 749 864 dedidit.

202 967 254 978 -
298 929 349 1001 23,
365 925 499 988 orationi
512 972 555 987 ...
607 927 833 991 orationibus.

368 1025 509 1088 insistens
840 1024 842 1027 ’

202 1185 256 1201 --
298 1149 352 1222 25,
365 1149 400 1210 in
414 1155 535 1210 tantwm
606 1147 705 1213 adeo.

202 1309 256 1322 -
299 1273 350 1346 29,
366 1271 539 1334 innormat
606 1291 759 1354 praesens
776 1271 954 1336 imminere
968 1271 1159 1336 videbatur.

202 1431 256 1444 -
299 1394 350 1470 32,
366 1391 556 1458 ad...dodat
607 1397 760 1459 membra
775 1397 977 1478 reponebat.
1042 1443 1047 1452 -

206 1517 260 1592 51,
322 1518 352 1590 1,
368 1516 528 1601 aliquanto
607 1526 687 1601 post
704 1520 852 1601 priorem
868 1519 1094 1602 Egelwinum.

415 1615 557 1700 defuncto

205 1779 257 1794 -
321 1739 476 1824 4‚qnod..
489 1761 556 1803 con·
592 1748 677 1820 'quo
707 1737 818 1803 officio
843 1747 884 1804 ut
907 1740 964 1821 pie
993 1758 1072 1803 cum
1100 1737 1202 1802 laude
1233 1757 1311 1821 per·

368 1839 549 1904 versationis
630 1838 840 1919 fungeretur,
858 1839 982 1922 prioris
1000 1839 1095 1902 vitae.

204 2000 256 2014 -
314 1959 559 2046 nmainpltotter
606 1961 712 2025 variis
729 1961 840 2026 modis
856 1963 968 2026 auxit.
1072 1998 1077 2006 ·

356 2060 524 2145 ampliavit

207 2221 254 2233 —
320 2188 351 2262 9,
363 2185 555 2268 ejusdam..
609 2182 763 2245 unanimi
788 2201 972 2259 consensu,
999 2189 1072 2246 tam
1098 2182 1182 2246 cleri
1207 2202 1311 2265 qnam

362 2293 519 2369 pastorem
632 2281 739 2344 totins
792 2282 915 2364 plebis,
961 2301 1044 2363 rege
1088 2282 1230 2364 insuper
1270 2290 1312 2347 ut

631 2399 732 2461 quem
763 2381 893 2444 vellent
924 2380 991 2444 sibi
1023 2381 1190 2462 eligerent
1221 2401 1314 2466 praef

628 2478 740 2542 sulem
770 2488 806 2544 et
831 2481 1021 2543 animarum
1045 2488 1219 2563 pastorem
1249 2501 1311 2544 an·

630 2585 769 2656 nuente,
787 2580 823 2642 in
845 2581 1045 2663 episcopum
1067 2580 1220 2663 ejusdem
1243 2580 1310 2644 loci

629 2679 778 2760 eligitur.
1069 2678 1072 2683 ’

205 2843 257 2858 -
302 2803 356 2881 17,
371 2828 440 2870 owni
606 2799 693 2867 deant.

205 2965 256 2976 —
300 2932 351 3007 18,
363 2931 558 2996 decollationi
607 2926 796 3008 periculum
811 2929 935 3010 capitis
952 2930 1159 2993 subiturum.

357 3078 365 3094 .
379 3078 406 3094 ..
423 3031 496 3096 oolla

204 3189 258 3202 ...
299 3155 352 3228 20,
369 3156 533 3220 ementire
607 3163 867 3212 consensurum.

78 3315 86 3328 .
204 3314 258 3327 -.
300 3279 352 3353 21,
369 3279 447 3342 viris
467 3327 474 3342 ,
493 3327 502 3343 ,
520 3327 555 3344 ,,
608 3270 675 3353 piis
703 3271 788 3336 viris
814 3278 849 3335 et
877 3271 1080 3335 venerandis
1104 3272 1310 3353 hominibusi,

364 3380 513 3462 potuisset
629 3370 826 3452 frequenter
841 3371 906 3435 hac
927 3371 969 3435 de
989 3390 1096 3435 cansa
1116 3373 1311 3456 interpella-

629 3478 736 3548 retur,
759 3471 938 3555 nequead
960 3471 1025 3535 hoc
1047 3472 1163 3537 induci
1187 3475 1232 3537 ab
1257 3475 1311 3542 his

627 3572 808 3653 potuisset.

204 3734 256 3746 -
299 3697 351 3771 26,
368 3695 544 3780 inarmatus
605 3694 843 3777 reprehensus.

204 3856 256 3870 --
300 3820 350 3895 34,
366 3839 525 3902 supensus
607 3837 732 3901 apapa
745 3837 935 3901 suspensus
952 3839 974 3883 a
990 3820 1128 3886 divinis.

369 3939 390 3980 α
407 3966 416 3985 .
431 3965 438 3979 .
453 3941 558 4003 papa

205 4081 256 4092 -
299 4042 349 4117 36,
369 4049 469 4104 tanuen
608 4041 935 4116 Wlstanussstamen.

207 4167 259 4240 52,
300 4167 558 4250 10,proseripsis-
607 4168 855 4250 proscripsit..
873 4215 881 4232 .
900 4167 1123 4250 mancipavit.

367 4273 410 4328 aet
420 4311 442 4326 ..
452 4313 459 4326 .
469 4287 556 4329 man

369 4365 497 4446 amasset
