3150 4992
613 495 814 545 nncrrortns
841 497 974 546 vnurnt
1298 481 1344 546 69

250 623 307 660 Pto.
336 622 389 659 HN·

239 687 315 761 246,
354 681 383 760 7,
397 683 540 747 merserit
640 682 805 748 excrevit.

239 807 316 886 247,
334 812 387 886 28,
405 809 522 873 Eodem
533 827 591 874 ert·
641 803 717 869 The
735 804 879 870 Cotton.
893 805 969 870 MS.
984 805 1060 884 has,
1075 809 1087 841 ‘
1100 801 1182 870 Hoc
1196 806 1234 870 in
1248 825 1342 872 anno

402 931 442 972 uo
663 905 842 988 praeterito
857 906 1046 970 seeundum
1061 900 1217 990 aliquos?

238 1075 290 1085 -
335 1031 543 1117 30‚.re9iu‹1sm
639 1029 735 1094 addit
760 1025 889 1107 Paris„
916 1038 1102 1116 prepterea
1125 1029 1219 1113 quod
1247 1030 1346 1095 diffa-

402 1153 492 1195 saam
663 1136 760 1193 mata
773 1137 867 1194 esset
880 1130 923 1193 de
940 1130 1124 1208 adulterio,
1139 1131 1244 1194 etiam
1265 1150 1344 1195 cum

663 1228 806 1306 infideli,
823 1236 859 1293 et
874 1229 934 1312 qui
951 1248 1076 1312 genere
1091 1229 1159 1294 fuit
1173 1229 1315 1295 diaboli.

239 1395 290 1404 -
335 1355 386 1428 31,
402 1351 508 1437 yradu
641 1353 735 1418 addit
756 1353 884 1431 Paris„
900 1353 944 1417 In
958 1354 1224 1437 quadragesima
1236 1354 1344 1419 comi-

665 1461 718 1516 tes
753 1460 788 1517 et
827 1454 973 1517 barones
1010 1453 1151 1535 Angliae
1188 1453 1345 1518 fecerunt

664 1541 845 1634 ligantiam
871 1560 907 1616 et
929 1552 1132 1617 fidelitatem
1153 1551 1344 1617 Eustachio

664 1653 735 1716 filio
750 1653 843 1734 regis
859 1651 1036 1735 Stephani.

243 1774 317 1851 248,
357 1773 387 1849 4,
409 1770 592 1856 eomartywi·
641 1775 734 1840 addit
764 1775 891 1850 Paria,
923 1789 959 1840 et
986 1782 1129 1858 propter
1156 1782 1344 1858 praetactas

404 1872 534 1936 nitatur
665 1893 801 1939 causas.
1024 1873 1028 1878 ’

241 2032 293 2042 -
337 1997 389 2072 10,
406 2002 594 2079 quapropter
643 2001 829 2065 verebatur
846 2000 937 2063 enim
953 2018 997 2063 ne
1011 1999 1143 2064 abillo.

407 2093 594 2179 ..abuliqrto
1139 2103 1142 2106 ’

241 2258 292 2270 -
336 2219 388 2293 21,
403 2215 544 2280 etiamlti
643 2221 791 2303 quidem.

242 2383 292 2394 -
337 2342 391 2417 26,
406 2349 514 2405 contra
532 2339 593 2405 du·
644 2343 762 2408 fratris
776 2343 873 2409 ducis
887 2341 1153 2430 Andegavensis
1166 2312 1332 2408 castrum.

407 2462 469 2504 eom
487 2440 594 2504 Audo-

403 2561 533 2626 gmuraur
593 2632 602 2659 χ

241 2702 293 2712 -
337 2668 390 2742 31,
403 2672 506 2729 esset..
510 2685 594 2749 pra·
643 2671 782 2747 captum
801 2671 894 2728 esset
908 2662 1087 2728 violenter.

409 2771 528 2848 raptum

244 2887 321 2961 249,
359 2888 391 2962 9,
416 2883 503 2950 Villa
645 2888 765 2953 Nulla.

243 3046 294 3056 -
338 3011 391 3086 29,
403 3008 440 3072 de
449 3007 595 3092 lanquore
643 3012 685 3076 de
704 3011 881 3093 Languro.

246 3136 320 3209 250,
361 3136 391 3209 3,
401 3131 594 3196 novendecim
644 3137 766 3217 viginti
782 3155 918 3199 novem.

244 3301 294 3310 —
361 3255 595 3334 512555551-
643 3259 762 3325 &aaut

410 3356 595 3419 aestatim

410 3454 582 3539 outyriravit

245 3617 296 3628 —
360 3578 596 3662 9,Haiu90hum
646 3573 902 3656 Halingeham3
927 3571 1005 3637 MS.
1022 3572 1111 3653 Reg.
1163 3583 1167 3590 ’

247 3706 321 3782 254,
341 3707 392 3779 15,
407 3723 457 3767 see
645 3698 791 3763 duabus.
1163 3707 1167 3715 '

246 3831 320 3905 255,
332 3827 599 3910 manufirmam
646 3823 850 3888 confirmata
867 3829 921 3886 est
936 3840 1016 3903 pax.

409 3935 451 3990 est
462 3933 590 4010 paetum

246 4085 297 4097 -
341 4050 396 4126 26,
412 4047 549 4112 induisse
646 4045 849 4110 instituisse.

248 4176 322 4250 256,
363 4175 394 4249 1,
412 4191 590 4235 vetareris·
648 4169 914 4234 venerabantur.

415 4280 469 4334 tur
