3150 4992
280 444 348 512 820
647 458 849 507 nncrronns
871 458 1007 508 urnis.

280 639 534 722 compatiendo,
556 659 689 704 necnon
707 641 878 704 unitatem
901 639 1054 704 ecclesiae
1070 660 1143 706 suae
1165 644 1382 721 concordem,

280 748 317 805 et
331 740 516 805 discretum
533 738 568 801 in
586 739 651 802 boc
668 740 808 820 negotio
830 757 1040 821 processum,
1063 741 1308 822 collaudando;
1335 751 1383 822 et,

281 859 326 904 ne
352 859 407 903 res
430 838 548 920 aliqua
574 846 674 919 parte
690 839 931 919 progressione
947 840 1115 920 usquead
1131 840 1233 924 finem
1248 851 1384 907 careret

282 937 459 1014 laudabili,
475 937 581 1012 dedit,
595 943 635 1000 ut
651 944 855 1019 praetactum
878 944 943 1014 est,
959 938 994 1000 in
1011 939 1183 1004 mandatis
1200 941 1332 1004 Eliensi
1347 950 1384 1006 et

283 1037 493 1102 Londinensi
507 1035 689 1118 episcopis,
713 1043 751 1098 nt
774 1037 973 1100 examinata
990 1055 1140 1118 persona
1163 1040 1263 1103 electi
1280 1041 1384 1104 bene·

281 1136 442 1200 dictionis
458 1134 491 1198 ei
507 1134 708 1199 beneficium
725 1135 943 1216 largirentur,
959 1135 1016 1199 vel
1032 1136 1209 1214 alteruter,
1228 1138 1258 1201 si
1280 1142 1384 1204 ambo

280 1236 449 1299 interesse
467 1253 537 1298 non
553 1234 721 1309 valerent,
742 1234 894 1298 scribens
917 1233 1045 1298 eisdem
1068 1236 1132 1299 snb
1157 1236 1223 1300 hac
1248 1237 1383 1319 sorma3

282 1333 496 1414 ‘Gregorius
517 1333 711 1415 episcopus,
733 1351 857 1396 servus
880 1351 1057 1397 servorum
1082 1334 1161 1411 Dei,
1177 1338 1383 1401 venerabili-

281 1435 347 1497 bus
373 1432 536 1496 fratribus
562 1431 693 1495 Eliensi
722 1439 758 1494 et
783 1431 994 1495 Londiuensi
1019 1433 1201 1516 episcopis,
1234 1435 1381 1500 salutem

281 1540 318 1596 et
327 1531 553 1612 apostolicam
568 1529 849 1594 benedictionem.
888 1529 1104 1596 Monasterio
1116 1533 1228 1597 sancti
1242 1533 1383 1613 Albani,

283 1628 534 1694 lincolniensis
549 1628 707 1705 diocesis,
722 1629 814 1710 quod
828 1629 873 1691 ad
888 1629 1082 1693 Romanam
1093 1631 1272 1696 ecclesiam
1287 1634 1384 1698 nullo

281 1727 394 1793 medio
408 1726 569 1810 pertinet,
585 1727 721 1790 abbatis
737 1727 863 1791 solatio
878 1728 1056 1806 destituto,
1072 1729 1188 1795 dilecti
1212 1731 1274 1793 filii
1289 1733 1385 1814 prior

283 1835 320 1893 et
329 1833 521 1891 conventus
537 1825 646 1908 ipsius
660 1826 872 1903 monasterii,
887 1828 978 1891 sicut
991 1829 1198 1911 accepimns,
1216 1832 1383 1912 requisito

283 1927 392 2010 prins,
415 1926 506 1989 sicut
519 1924 624 1990 moris
640 1931 705 2002 est,
728 1933 871 1989 assensu
894 1925 989 2007 regio
1012 1934 1047 1990 et
1072 1928 1226 2005 obtento,
1249 1931 1383 1994 vocatis

284 2025 443 2091 omnibus
468 2025 528 2107 qui
562 2023 763 2100 debuerunt,
788 2025 986 2102 voluerunt,
1019 2032 1056 2090 et
1081 2034 1269 2108 potuerunt
1291 2048 1384 2093 com-

283 2125 386 2189 mode
400 2124 579 2199 interesse,
592 2121 636 2186 de
651 2123 787 2187 abbatis
802 2122 909 2187 futuri
924 2123 1168 2190 substitutione
1181 2133 1384 2207 tractantes,

283 2231 364 2308 post
390 2223 546 2286 diversos
567 2228 737 2286 tractatus
765 2222 970 2303 quibusdam
993 2223 1035 2286 de
1065 2224 1211 2306 collegio
1237 2223 1385 2308 eligendi

284 2324 317 2388 ei
332 2322 492 2388 abbatem
505 2327 713 2403 potestatem
728 2321 917 2403 plenariam
932 2322 1139 2387 unanimiter
1154 2325 1383 2390 contulerunt.

157 2497 160 2502 ,
286 2422 397 2486 Iidem
414 2440 497 2484 vero
512 2420 690 2497 electores,
709 2419 823 2483 Deum
849 2421 1013 2484 babentes
1035 2441 1108 2504 prae
1130 2423 1251 2500 oculis,
1277 2425 1384 2488 colla-

284 2522 380 2587 tione
412 2539 517 2601 snper
549 2518 615 2583 boc
649 2526 685 2582 et
712 2518 957 2584 deliberatione
988 2519 1108 2585 habita
1142 2521 1311 2604 diligenti,
1347 2531 1384 2589 et

285 2620 436 2702 Spiritus
453 2618 573 2682 Sancti
596 2618 711 2698 gratia
733 2617 908 2694 invocata,
931 2619 1094 2682 dilectum
1116 2619 1224 2683 filium
1241 2621 1382 2687 fratrem

285 2717 482 2782 Jobannem
502 2715 545 2778 de
561 2715 742 2790 Hertford,
765 2716 919 2799 eJusdem
941 2719 1139 2782 monasterii
1165 2721 1383 2800 monachum,

285 2817 409 2890 virum,
435 2820 475 2876 nt
491 2821 662 2890 asserunt,
685 2814 868 2895 providum
892 2822 928 2879 et
944 2815 1142 2894 discretum,
1164 2837 1205 2881 ac
1227 2818 1262 2882 in
1286 2821 1384 2903 spiri·

287 2914 437 2979 tualibus
464 2920 501 2976 et
526 2912 772 2995 temporalibus
801 2914 1097 2996 circumspectum,
1123 2923 1259 2980 etcum
1285 2920 1335 2982 eis
1361 2939 1383 2984 a

284 3033 394 3097 puero
424 3011 646 3076 laudabiliter
674 3020 927 3089 conversatum,
958 3013 994 3076 in
1021 3015 1180 3079 abbatem
1203 3036 1320 3080 eorum
1348 3026 1384 3083 et

285 3121 418 3196 patrem
434 3111 651 3175 concorditer
664 3117 700 3174 et
720 3111 885 3176 canonice
907 3112 1104 3193 elegerunt3
1132 3134 1277 3196 quorum
1298 3117 1384 3181 elec-

288 3211 417 3277 tionem
440 3195 627 3274 solenniter
648 3210 858 3291 publicatam
880 3210 1031 3274 universi
1053 3220 1088 3276 et
1110 3213 1237 3295 singuli
1259 3229 1386 3298 appro-

287 3312 411 3376 bantes
440 3309 539 3373 nobis
565 3327 627 3390 per
651 3309 796 3372 dilectos
823 3309 912 3374 filios
937 3309 1061 3374 fratres
1092 3311 1325 3394 Reginaldum
1350 3322 1387 3378 et

288 3408 487 3484 Nicolaum,
501 3406 687 3471 monachos
701 3414 737 3471 et
750 3408 889 3472 nuntios
905 3427 999 3485 snos,
1011 3428 1051 3472 ac
1068 3409 1196 3487 literas,
1210 3410 1385 3477 humiliter

286 3508 582 3590 supplicaverunt,
609 3513 650 3570 ut
678 3525 756 3569 cnm
781 3527 844 3588 per
871 3507 1017 3572 eundem
1047 3507 1071 3571 J
1074 3508 1243 3574 ohannem
1272 3513 1386 3591 gratia

286 3607 355 3690 ipsi
377 3604 587 3669 monasterio
614 3605 650 3667 in
678 3605 930 3686 spiritualibus,
951 3613 987 3670 et
1006 3607 1252 3690 temporalibus
1274 3608 1386 3674 incre-

285 3710 414 3778 menta,
444 3708 665 3783 sperarentur
686 3709 828 3765 anctore
858 3703 935 3767 Deo
965 3714 1187 3785 proventura,
1217 3714 1255 3770 et
1280 3710 1384 3773 rectis

286 3801 569 3885 dispositionibus
596 3799 681 3864 nibil
703 3800 827 3865 debeat
851 3799 1063 3869 difficultatis
1095 3805 1219 3883 afferri,
1245 3804 1385 3878 electio·

287 3922 365 3966 nem
380 3899 578 3983 hujusmodi
597 3899 799 3965 confirmare
816 3901 858 3964 de
885 3902 1098 3983 benignitate
1127 3905 1218 3968 sedis
1247 3912 1387 3986 aposto·

286 4001 364 4065 licae
387 3999 618 4081 dignaremur.
670 3998 767 4064 Licet
791 4001 897 4080 igitur
926 4002 1082 4082 predicti
1109 4003 1222 4066 nuntii
1239 4004 1386 4070 sollicite

286 4118 393 4181 super
419 4097 484 4162 boc
512 4097 700 4162 institerint
724 4106 760 4161 et
785 4098 982 4179 prudenter,
1006 4108 1042 4164 et
1069 4121 1143 4179 nos,
1175 4121 1239 4183 pro
1266 4104 1386 4167 eodem

285 4197 496 4266 monasterio
513 4197 659 4262 libenter
682 4196 869 4280 quodcum
892 4197 969 4262 Deo
996 4219 1179 4282 possumus
1200 4199 1313 4266 facere
1337 4201 1385 4265 in·
