<?xml version="1.0" encoding="UTF-8"?>
<!DOCTYPE html PUBLIC "-//W3C//DTD XHTML 1.0 Transitional//EN"
    "http://www.w3.org/TR/xhtml1/DTD/xhtml1-transitional.dtd">
<html xmlns="http://www.w3.org/1999/xhtml" xml:lang="en" lang="en">
 <head>
  <title>
</title>
<meta http-equiv="Content-Type" content="text/html;charset=utf-8" />
  <meta name='ocr-system' content='tesseract 3.04.00' />
  <meta name='ocr-capabilities' content='ocr_page ocr_carea ocr_par ocr_line ocrx_word'/>
</head>
<body>
  <div class='ocr_page' id='page_1' title='image "appendixadroger00parigoog_0077.png"; bbox 0 0 3150 4992; ppageno 0'>
   <div class='ocr_carea' id='block_1_1' title="bbox 617 415 1041 479">
    <p class='ocr_par' dir='ltr' id='par_1_1' title="bbox 617 415 1041 479">
     <span class='ocr_line' id='line_1_1' title="bbox 617 415 1041 479; baseline -0.002 -1"><span class='ocrx_word' id='word_1_1' title='bbox 617 430 815 479; x_wconf 78' lang='lat' dir='ltr'><strong>naorronns</strong></span> <span class='ocrx_word' id='word_1_2' title='bbox 838 429 974 477; x_wconf 73' lang='lat' dir='ltr'><strong>varum</strong></span> <span class='ocrx_word' id='word_1_3' title='bbox 1038 415 1041 421; x_wconf 85' lang='lat'>&#39;</span> 
     </span>
    </p>
   </div>
   <div class='ocr_carea' id='block_1_2' title="bbox 299 614 1367 3281">
    <p class='ocr_par' dir='ltr' id='par_1_2' title="bbox 299 614 1367 3281">
     <span class='ocr_line' id='line_1_2' title="bbox 299 614 1358 696; baseline -0.002 -18"><span class='ocrx_word' id='word_1_4' title='bbox 299 621 336 678; x_wconf 91' lang='lat' dir='ltr'><strong>to</strong></span> <span class='ocrx_word' id='word_1_5' title='bbox 352 614 448 695; x_wconf 82' lang='lat' dir='ltr'><strong>regio</strong></span> <span class='ocrx_word' id='word_1_6' title='bbox 468 615 680 692; x_wconf 87' lang='lat' dir='ltr'><strong>convocatis,</strong></span> <span class='ocrx_word' id='word_1_7' title='bbox 696 635 758 679; x_wconf 85' lang='lat' dir='ltr'><strong>rex</strong></span> <span class='ocrx_word' id='word_1_8' title='bbox 779 614 907 679; x_wconf 88' lang='lat' dir='ltr'><strong>talibus</strong></span> <span class='ocrx_word' id='word_1_9' title='bbox 928 614 1090 696; x_wconf 85' lang='lat' dir='ltr'><strong>alloquiis</strong></span> <span class='ocrx_word' id='word_1_10' title='bbox 1112 634 1216 696; x_wconf 90' lang='lat' dir='ltr'><strong>super</strong></span> <span class='ocrx_word' id='word_1_11' title='bbox 1235 614 1302 678; x_wconf 92' lang='lat' dir='ltr'><strong>mel</strong></span> <span class='ocrx_word' id='word_1_12' title='bbox 1322 621 1358 677; x_wconf 88' lang='lat' dir='ltr'><strong>ct</strong></span> 
     </span>
     <span class='ocr_line' id='line_1_3' title="bbox 300 713 1357 796; baseline -0.002 -19"><span class='ocrx_word' id='word_1_13' title='bbox 300 713 416 777; x_wconf 88' lang='lat' dir='ltr'><strong>favum</strong></span> <span class='ocrx_word' id='word_1_14' title='bbox 446 714 629 796; x_wconf 92' lang='lat' dir='ltr'><strong>oleumque</strong></span> <span class='ocrx_word' id='word_1_15' title='bbox 659 713 798 778; x_wconf 89' lang='lat' dir='ltr'><strong>mellitis</strong></span> <span class='ocrx_word' id='word_1_16' title='bbox 826 722 861 777; x_wconf 91' lang='lat' dir='ltr'><strong>et</strong></span> <span class='ocrx_word' id='word_1_17' title='bbox 884 714 1027 778; x_wconf 90' lang='lat' dir='ltr'><strong>mollitis</strong></span> <span class='ocrx_word' id='word_1_18' title='bbox 1049 714 1231 777; x_wconf 82' lang='lat' dir='ltr'>blandiens</span> <span class='ocrx_word' id='word_1_19' title='bbox 1255 714 1357 789; x_wconf 86' lang='lat' dir='ltr'><strong>dixit,</strong></span> 
     </span>
     <span class='ocr_line' id='line_1_4' title="bbox 302 811 1357 895; baseline -0.002 -19"><span class='ocrx_word' id='word_1_20' title='bbox 302 811 434 877; x_wconf 86' lang='lat' dir='ltr'>‘Amici</span> <span class='ocrx_word' id='word_1_21' title='bbox 459 820 495 876; x_wconf 88' lang='lat' dir='ltr'><strong>et</strong></span> <span class='ocrx_word' id='word_1_22' title='bbox 516 813 635 877; x_wconf 91' lang='lat' dir='ltr'><strong>fideles</strong></span> <span class='ocrx_word' id='word_1_23' title='bbox 666 815 732 877; x_wconf 92' lang='lat' dir='ltr'><strong>mci</strong></span> <span class='ocrx_word' id='word_1_24' title='bbox 758 813 930 895; x_wconf 83' lang='lat' dir='ltr'><strong>indigenae</strong></span> <span class='ocrx_word' id='word_1_25' title='bbox 957 833 999 878; x_wconf 90' lang='lat' dir='ltr'><strong>ac</strong></span> <span class='ocrx_word' id='word_1_26' title='bbox 1023 814 1212 889; x_wconf 76' lang='lat' dir='ltr'><strong>naturaleS,</strong></span> <span class='ocrx_word' id='word_1_27' title='bbox 1235 813 1357 890; x_wconf 73' lang='lat' dir='ltr'><strong>nostiS,</strong></span> 
     </span>
     <span class='ocr_line' id='line_1_5' title="bbox 301 912 1358 995; baseline -0.003 -19"><span class='ocrx_word' id='word_1_28' title='bbox 301 912 417 976; x_wconf 87' lang='lat' dir='ltr'><strong>veraci</strong></span> <span class='ocrx_word' id='word_1_29' title='bbox 440 912 533 975; x_wconf 90' lang='lat' dir='ltr'><strong>fama</strong></span> <span class='ocrx_word' id='word_1_30' title='bbox 560 912 739 990; x_wconf 83' lang='lat' dir='ltr'><strong>referente,</strong></span> <span class='ocrx_word' id='word_1_31' title='bbox 762 914 911 995; x_wconf 83' lang='lat' dir='ltr'><strong>qualiter</strong></span> <span class='ocrx_word' id='word_1_32' title='bbox 935 913 1042 977; x_wconf 90' lang='lat' dir='ltr'><strong>frater</strong></span> <span class='ocrx_word' id='word_1_33' title='bbox 1062 933 1159 976; x_wconf 90' lang='lat' dir='ltr'><strong>meus</strong></span> <span class='ocrx_word' id='word_1_34' title='bbox 1183 913 1358 976; x_wconf 89' lang='lat' dir='ltr'><strong>Robertns</strong></span> 
     </span>
     <span class='ocr_line' id='line_1_6' title="bbox 301 1012 1360 1094; baseline -0.002 -19"><span class='ocrx_word' id='word_1_35' title='bbox 301 1012 432 1075; x_wconf 91' lang='lat' dir='ltr'><strong>electus</strong></span> <span class='ocrx_word' id='word_1_36' title='bbox 456 1019 492 1074; x_wconf 88' lang='lat' dir='ltr'><strong>et</strong></span> <span class='ocrx_word' id='word_1_37' title='bbox 516 1032 577 1094; x_wconf 91' lang='lat' dir='ltr'><strong>per</strong></span> <span class='ocrx_word' id='word_1_38' title='bbox 599 1013 712 1077; x_wconf 91' lang='lat' dir='ltr'><strong>Deum</strong></span> <span class='ocrx_word' id='word_1_39' title='bbox 737 1020 882 1077; x_wconf 90' lang='lat' dir='ltr'><strong>vocatus</strong></span> <span class='ocrx_word' id='word_1_40' title='bbox 910 1019 963 1075; x_wconf 91' lang='lat' dir='ltr'><strong>est</strong></span> <span class='ocrx_word' id='word_1_41' title='bbox 991 1012 1033 1076; x_wconf 89' lang='lat' dir='ltr'><strong>ad</strong></span> <span class='ocrx_word' id='word_1_42' title='bbox 1063 1032 1207 1094; x_wconf 87' lang='lat' dir='ltr'><strong>regnum</strong></span> <span class='ocrx_word' id='word_1_43' title='bbox 1232 1012 1360 1075; x_wconf 91' lang='lat' dir='ltr'><strong>Hiero-</strong></span> 
     </span>
     <span class='ocr_line' id='line_1_7' title="bbox 302 1111 1358 1194; baseline -0.002 -20"><span class='ocrx_word' id='word_1_44' title='bbox 302 1112 547 1194; x_wconf 89' lang='lat' dir='ltr'><strong>solymitanum</strong></span> <span class='ocrx_word' id='word_1_45' title='bbox 564 1111 724 1176; x_wconf 89' lang='lat' dir='ltr'><strong>foeliciter</strong></span> <span class='ocrx_word' id='word_1_46' title='bbox 738 1111 1011 1193; x_wconf 79' lang='lat' dir='ltr'><strong>gubernandum,</strong></span> <span class='ocrx_word' id='word_1_47' title='bbox 1026 1119 1061 1175; x_wconf 91' lang='lat' dir='ltr'><strong>et</strong></span> <span class='ocrx_word' id='word_1_48' title='bbox 1081 1131 1184 1194; x_wconf 89' lang='lat' dir='ltr'><strong>quam</strong></span> <span class='ocrx_word' id='word_1_49' title='bbox 1205 1111 1358 1174; x_wconf 83' lang='lat' dir='ltr'><strong>frontose</strong></span> 
     </span>
     <span class='ocr_line' id='line_1_8' title="bbox 304 1209 1357 1293; baseline -0.001 -20"><span class='ocrx_word' id='word_1_50' title='bbox 304 1209 389 1273; x_wconf 93' lang='lat' dir='ltr'><strong>illud</strong></span> <span class='ocrx_word' id='word_1_51' title='bbox 410 1210 607 1275; x_wconf 84' lang='lat' dir='ltr'><strong>infoeliciter</strong></span> <span class='ocrx_word' id='word_1_52' title='bbox 626 1211 842 1288; x_wconf 76' lang='lat' dir='ltr'><strong>refutaverit,</strong></span> <span class='ocrx_word' id='word_1_53' title='bbox 869 1211 991 1274; x_wconf 88' lang='lat' dir='ltr'><strong>merito</strong></span> <span class='ocrx_word' id='word_1_54' title='bbox 1021 1219 1204 1293; x_wconf 89' lang='lat' dir='ltr'><strong>propterea</strong></span> <span class='ocrx_word' id='word_1_55' title='bbox 1233 1229 1255 1273; x_wconf 88' lang='lat' dir='ltr'><strong>a</strong></span> <span class='ocrx_word' id='word_1_56' title='bbox 1282 1210 1357 1273; x_wconf 91' lang='lat' dir='ltr'><strong>Deo</strong></span> 
     </span>
     <span class='ocr_line' id='line_1_9' title="bbox 304 1309 1357 1392; baseline -0.003 -19"><span class='ocrx_word' id='word_1_57' title='bbox 304 1309 550 1392; x_wconf 86' lang='lat' dir='ltr'><strong>reprobandus.</strong></span> <span class='ocrx_word' id='word_1_58' title='bbox 591 1309 714 1373; x_wconf 88' lang='lat' dir='ltr'><strong>Nostis</strong></span> <span class='ocrx_word' id='word_1_59' title='bbox 736 1311 841 1374; x_wconf 90' lang='lat' dir='ltr'><strong>etiam</strong></span> <span class='ocrx_word' id='word_1_60' title='bbox 863 1312 899 1373; x_wconf 91' lang='lat' dir='ltr'><strong>in</strong></span> <span class='ocrx_word' id='word_1_61' title='bbox 922 1309 1039 1374; x_wconf 90' lang='lat' dir='ltr'><strong>multis</strong></span> <span class='ocrx_word' id='word_1_62' title='bbox 1062 1310 1139 1373; x_wconf 91' lang='lat' dir='ltr'><strong>aliis</strong></span> <span class='ocrx_word' id='word_1_63' title='bbox 1162 1309 1357 1391; x_wconf 88' lang='lat' dir='ltr'><strong>superbiam</strong></span> 
     </span>
     <span class='ocr_line' id='line_1_10' title="bbox 306 1408 1360 1492; baseline -0.002 -20"><span class='ocrx_word' id='word_1_64' title='bbox 306 1415 341 1472; x_wconf 90' lang='lat' dir='ltr'><strong>et</strong></span> <span class='ocrx_word' id='word_1_65' title='bbox 360 1408 575 1473; x_wconf 86' lang='lat' dir='ltr'><strong>ferocitatem</strong></span> <span class='ocrx_word' id='word_1_66' title='bbox 595 1409 698 1485; x_wconf 88' lang='lat' dir='ltr'><strong>illius,</strong></span> <span class='ocrx_word' id='word_1_67' title='bbox 722 1411 805 1492; x_wconf 91' lang='lat' dir='ltr'><strong>quia</strong></span> <span class='ocrx_word' id='word_1_68' title='bbox 832 1411 885 1474; x_wconf 87' lang='lat' dir='ltr'><strong>vir</strong></span> <span class='ocrx_word' id='word_1_69' title='bbox 910 1409 1107 1485; x_wconf 90' lang='lat' dir='ltr'><strong>bellicosus,</strong></span> <span class='ocrx_word' id='word_1_70' title='bbox 1130 1409 1228 1490; x_wconf 87' lang='lat' dir='ltr'><strong>pacis</strong></span> <span class='ocrx_word' id='word_1_71' title='bbox 1251 1410 1360 1491; x_wconf 87' lang='lat' dir='ltr'><strong>impa-</strong></span> 
     </span>
     <span class='ocr_line' id='line_1_11' title="bbox 305 1508 1361 1592; baseline -0.002 -21"><span class='ocrx_word' id='word_1_72' title='bbox 305 1510 395 1572; x_wconf 89' lang='lat' dir='ltr'><strong>tiens</strong></span> <span class='ocrx_word' id='word_1_73' title='bbox 413 1515 483 1586; x_wconf 82' lang='lat' dir='ltr'><strong>est;</strong></span> <span class='ocrx_word' id='word_1_74' title='bbox 501 1528 632 1590; x_wconf 87' lang='lat' dir='ltr'><strong>vosque</strong></span> <span class='ocrx_word' id='word_1_75' title='bbox 647 1510 797 1573; x_wconf 89' lang='lat' dir='ltr'><strong>scienter</strong></span> <span class='ocrx_word' id='word_1_76' title='bbox 810 1510 910 1592; x_wconf 90' lang='lat' dir='ltr'><strong>quasi</strong></span> <span class='ocrx_word' id='word_1_77' title='bbox 923 1508 1210 1590; x_wconf 65' lang='lat' dir='ltr'><strong>contemptibiles</strong></span> <span class='ocrx_word' id='word_1_78' title='bbox 1228 1515 1263 1571; x_wconf 88' lang='lat' dir='ltr'><strong>et</strong></span> <span class='ocrx_word' id='word_1_79' title='bbox 1274 1526 1361 1589; x_wconf 93' lang='lat' dir='ltr'><strong>quos</strong></span> 
     </span>
     <span class='ocr_line' id='line_1_12' title="bbox 306 1606 1360 1689; baseline -0.001 -19"><span class='ocrx_word' id='word_1_80' title='bbox 306 1607 440 1671; x_wconf 89' lang='lat' dir='ltr'><strong>desides</strong></span> <span class='ocrx_word' id='word_1_81' title='bbox 460 1615 565 1672; x_wconf 87' lang='lat' dir='ltr'><strong>vocat</strong></span> <span class='ocrx_word' id='word_1_82' title='bbox 584 1616 620 1671; x_wconf 88' lang='lat' dir='ltr'><strong>et</strong></span> <span class='ocrx_word' id='word_1_83' title='bbox 645 1608 818 1689; x_wconf 82' lang='lat' dir='ltr'><strong>glutones,</strong></span> <span class='ocrx_word' id='word_1_84' title='bbox 838 1607 1041 1672; x_wconf 91' lang='lat' dir='ltr'><strong>conculcare</strong></span> <span class='ocrx_word' id='word_1_85' title='bbox 1058 1606 1239 1670; x_wconf 90' lang='lat' dir='ltr'><strong>desiderat.</strong></span> <span class='ocrx_word' id='word_1_86' title='bbox 1284 1607 1360 1687; x_wconf 83' lang='lat' dir='ltr'><strong>Ego</strong></span> 
     </span>
     <span class='ocr_line' id='line_1_13' title="bbox 307 1705 1361 1790; baseline -0.001 -21"><span class='ocrx_word' id='word_1_87' title='bbox 307 1726 389 1770; x_wconf 88' lang='lat' dir='ltr'><strong>vero</strong></span> <span class='ocrx_word' id='word_1_88' title='bbox 403 1727 466 1770; x_wconf 86' lang='lat' dir='ltr'><strong>rex</strong></span> <span class='ocrx_word' id='word_1_89' title='bbox 484 1707 622 1771; x_wconf 89' lang='lat' dir='ltr'><strong>humilis</strong></span> <span class='ocrx_word' id='word_1_90' title='bbox 644 1713 680 1770; x_wconf 88' lang='lat' dir='ltr'><strong>et</strong></span> <span class='ocrx_word' id='word_1_91' title='bbox 696 1708 874 1790; x_wconf 89' lang='lat' dir='ltr'><strong>pacificus,</strong></span> <span class='ocrx_word' id='word_1_92' title='bbox 895 1727 958 1770; x_wconf 87' lang='lat' dir='ltr'><strong>vos</strong></span> <span class='ocrx_word' id='word_1_93' title='bbox 981 1708 1017 1770; x_wconf 95' lang='lat' dir='ltr'><strong>in</strong></span> <span class='ocrx_word' id='word_1_94' title='bbox 1040 1726 1125 1790; x_wconf 91' lang='lat' dir='ltr'><strong>pace</strong></span> <span class='ocrx_word' id='word_1_95' title='bbox 1147 1707 1182 1769; x_wconf 95' lang='lat' dir='ltr'><strong>in</strong></span> <span class='ocrx_word' id='word_1_96' title='bbox 1208 1705 1361 1788; x_wconf 88' lang='lat' dir='ltr'><strong>antiquis</strong></span> 
     </span>
     <span class='ocr_line' id='line_1_14' title="bbox 307 1806 1363 1890; baseline -0.001 -21"><span class='ocrx_word' id='word_1_97' title='bbox 307 1807 434 1870; x_wconf 88' lang='lat' dir='ltr'><strong>vestris</strong></span> <span class='ocrx_word' id='word_1_98' title='bbox 458 1806 689 1884; x_wconf 85' lang='lat' dir='ltr'><strong>libertatibus,</strong></span> <span class='ocrx_word' id='word_1_99' title='bbox 717 1813 821 1889; x_wconf 91' lang='lat' dir='ltr'><strong>prout</strong></span> <span class='ocrx_word' id='word_1_100' title='bbox 852 1807 1004 1871; x_wconf 89' lang='lat' dir='ltr'><strong>crebrius</strong></span> <span class='ocrx_word' id='word_1_101' title='bbox 1028 1806 1255 1890; x_wconf 87' lang='lat' dir='ltr'><strong>jurejurando</strong></span> <span class='ocrx_word' id='word_1_102' title='bbox 1285 1825 1363 1886; x_wconf 93' lang='lat' dir='ltr'><strong>pro-</strong></span> 
     </span>
     <span class='ocr_line' id='line_1_15' title="bbox 309 1904 1361 1986; baseline -0.002 -18"><span class='ocrx_word' id='word_1_103' title='bbox 309 1906 398 1982; x_wconf 90' lang='lat' dir='ltr'><strong>misi,</strong></span> <span class='ocrx_word' id='word_1_104' title='bbox 422 1907 534 1986; x_wconf 86' lang='lat' dir='ltr'><strong>gestio</strong></span> <span class='ocrx_word' id='word_1_105' title='bbox 554 1905 748 1982; x_wconf 88' lang='lat' dir='ltr'><strong>confovere,</strong></span> <span class='ocrx_word' id='word_1_106' title='bbox 771 1914 807 1970; x_wconf 90' lang='lat' dir='ltr'><strong>et</strong></span> <span class='ocrx_word' id='word_1_107' title='bbox 826 1906 951 1970; x_wconf 87' lang='lat' dir='ltr'><strong>vestris</strong></span> <span class='ocrx_word' id='word_1_108' title='bbox 975 1905 1174 1969; x_wconf 89' lang='lat' dir='ltr'><strong>inclinando</strong></span> <span class='ocrx_word' id='word_1_109' title='bbox 1196 1904 1361 1980; x_wconf 90' lang='lat' dir='ltr'><strong>consiliis,</strong></span> 
     </span>
     <span class='ocr_line' id='line_1_16' title="bbox 309 2004 1363 2086; baseline -0.003 -17"><span class='ocrx_word' id='word_1_110' title='bbox 309 2004 500 2069; x_wconf 88' lang='lat' dir='ltr'><strong>consultius</strong></span> <span class='ocrx_word' id='word_1_111' title='bbox 518 2024 560 2068; x_wconf 90' lang='lat' dir='ltr'><strong>ao</strong></span> <span class='ocrx_word' id='word_1_112' title='bbox 579 2005 710 2082; x_wconf 88' lang='lat' dir='ltr'><strong>mitius,</strong></span> <span class='ocrx_word' id='word_1_113' title='bbox 728 2025 823 2069; x_wconf 89' lang='lat' dir='ltr'><strong>more</strong></span> <span class='ocrx_word' id='word_1_114' title='bbox 842 2005 1014 2068; x_wconf 88' lang='lat' dir='ltr'><strong>mansueti</strong></span> <span class='ocrx_word' id='word_1_115' title='bbox 1032 2004 1206 2086; x_wconf 73' lang='lat' dir='ltr'><strong>principia</strong></span> <span class='ocrx_word' id='word_1_116' title='bbox 1225 2004 1363 2085; x_wconf 89' lang='lat' dir='ltr'><strong>sapien·</strong></span> 
     </span>
     <span class='ocr_line' id='line_1_17' title="bbox 308 2103 1364 2188; baseline -0.001 -21"><span class='ocrx_word' id='word_1_117' title='bbox 308 2111 361 2167; x_wconf 91' lang='lat' dir='ltr'><strong>ter</strong></span> <span class='ocrx_word' id='word_1_118' title='bbox 375 2104 580 2185; x_wconf 86' lang='lat' dir='ltr'><strong>gubernare,</strong></span> <span class='ocrx_word' id='word_1_119' title='bbox 598 2111 633 2168; x_wconf 91' lang='lat' dir='ltr'><strong>et</strong></span> <span class='ocrx_word' id='word_1_120' title='bbox 648 2123 752 2187; x_wconf 91' lang='lat' dir='ltr'><strong>super</strong></span> <span class='ocrx_word' id='word_1_121' title='bbox 767 2104 833 2181; x_wconf 84' lang='lat' dir='ltr'><strong>his,</strong></span> <span class='ocrx_word' id='word_1_122' title='bbox 847 2105 877 2168; x_wconf 90' lang='lat' dir='ltr'><strong>si</strong></span> <span class='ocrx_word' id='word_1_123' title='bbox 890 2103 1122 2188; x_wconf 87' lang='lat' dir='ltr'><strong>provideritis,</strong></span> <span class='ocrx_word' id='word_1_124' title='bbox 1138 2103 1268 2185; x_wconf 86' lang='lat' dir='ltr'><strong>scripta</strong></span> <span class='ocrx_word' id='word_1_125' title='bbox 1282 2104 1364 2166; x_wconf 86' lang='lat' dir='ltr'><strong>sub-</strong></span> 
     </span>
     <span class='ocr_line' id='line_1_18' title="bbox 308 2192 1367 2288; baseline -0.003 -21"><span class='ocrx_word' id='word_1_126' title='bbox 308 2213 408 2267; x_wconf 86' lang='lat' dir='ltr'><strong>arata</strong></span> <span class='ocrx_word' id='word_1_127' title='bbox 425 2205 588 2268; x_wconf 92' lang='lat' dir='ltr'><strong>roborare</strong></span> <span class='ocrx_word' id='word_1_128' title='bbox 602 2223 612 2280; x_wconf 90' lang='lat'><strong>;</strong></span> <span class='ocrx_word' id='word_1_129' title='bbox 637 2210 672 2267; x_wconf 90' lang='lat' dir='ltr'><strong>et</strong></span> <span class='ocrx_word' id='word_1_130' title='bbox 687 2192 823 2268; x_wconf 85' lang='lat' dir='ltr'><strong>iteratis</strong></span> <span class='ocrx_word' id='word_1_131' title='bbox 835 2202 1042 2288; x_wconf 90' lang='lat' dir='ltr'><strong>juramentis</strong></span> <span class='ocrx_word' id='word_1_132' title='bbox 1062 2203 1229 2285; x_wconf 89' lang='lat' dir='ltr'><strong>praedicta</strong></span> <span class='ocrx_word' id='word_1_133' title='bbox 1245 2202 1367 2265; x_wconf 88' lang='lat' dir='ltr'><strong>certis-</strong></span> 
     </span>
     <span class='ocr_line' id='line_1_19' title="bbox 309 2302 1365 2385; baseline -0.003 -19"><span class='ocrx_word' id='word_1_134' title='bbox 309 2305 394 2366; x_wconf 85' lang='lat' dir='ltr'><strong>sime</strong></span> <span class='ocrx_word' id='word_1_135' title='bbox 424 2302 639 2380; x_wconf 89' lang='lat' dir='ltr'><strong>confirmare,</strong></span> <span class='ocrx_word' id='word_1_136' title='bbox 671 2304 787 2367; x_wconf 91' lang='lat' dir='ltr'><strong>omnia</strong></span> <span class='ocrx_word' id='word_1_137' title='bbox 819 2303 991 2380; x_wconf 87' lang='lat' dir='ltr'><strong>videlicet,</strong></span> <span class='ocrx_word' id='word_1_138' title='bbox 1020 2322 1099 2385; x_wconf 88' lang='lat' dir='ltr'><strong>quae</strong></span> <span class='ocrx_word' id='word_1_139' title='bbox 1130 2309 1272 2365; x_wconf 85' lang='lat' dir='ltr'><strong>sanctus</strong></span> <span class='ocrx_word' id='word_1_140' title='bbox 1301 2320 1365 2364; x_wconf 86' lang='lat' dir='ltr'><strong>rex</strong></span> 
     </span>
     <span class='ocr_line' id='line_1_20' title="bbox 310 2401 1363 2486; baseline -0.002 -20"><span class='ocrx_word' id='word_1_141' title='bbox 310 2402 514 2479; x_wconf 77' lang='lat' dir='ltr'><strong>EdwarduS‚</strong></span> <span class='ocrx_word' id='word_1_142' title='bbox 539 2403 616 2467; x_wconf 94' lang='lat' dir='ltr'><strong>Deo</strong></span> <span class='ocrx_word' id='word_1_143' title='bbox 638 2403 842 2486; x_wconf 90' lang='lat' dir='ltr'><strong>inspirante,</strong></span> <span class='ocrx_word' id='word_1_144' title='bbox 869 2402 1012 2485; x_wconf 89' lang='lat' dir='ltr'><strong>provide</strong></span> <span class='ocrx_word' id='word_1_145' title='bbox 1033 2402 1195 2479; x_wconf 88' lang='lat' dir='ltr'><strong>sancivit,</strong></span> <span class='ocrx_word' id='word_1_146' title='bbox 1216 2401 1363 2465; x_wconf 87' lang='lat' dir='ltr'><strong>inviola-</strong></span> 
     </span>
     <span class='ocr_line' id='line_1_21' title="bbox 310 2501 1363 2585; baseline -0.002 -20"><span class='ocrx_word' id='word_1_147' title='bbox 310 2503 426 2565; x_wconf 88' lang='lat' dir='ltr'><strong>biliter</strong></span> <span class='ocrx_word' id='word_1_148' title='bbox 442 2503 550 2585; x_wconf 92' lang='lat' dir='ltr'><strong>jubeo</strong></span> <span class='ocrx_word' id='word_1_149' title='bbox 571 2503 758 2566; x_wconf 86' lang='lat' dir='ltr'><strong>observari.</strong></span> <span class='ocrx_word' id='word_1_150' title='bbox 808 2503 858 2566; x_wconf 88' lang='lat' dir='ltr'><strong>Ut</strong></span> <span class='ocrx_word' id='word_1_151' title='bbox 882 2521 1016 2566; x_wconf 88' lang='lat' dir='ltr'><strong>mecum</strong></span> <span class='ocrx_word' id='word_1_152' title='bbox 1044 2501 1190 2565; x_wconf 90' lang='lat' dir='ltr'><strong>fideliter</strong></span> <span class='ocrx_word' id='word_1_153' title='bbox 1217 2508 1363 2574; x_wconf 88' lang='lat' dir='ltr'><strong>stantes,</strong></span> 
     </span>
     <span class='ocr_line' id='line_1_22' title="bbox 309 2598 1366 2683; baseline -0.001 -21"><span class='ocrx_word' id='word_1_154' title='bbox 309 2600 428 2664; x_wconf 89' lang='lat' dir='ltr'><strong>fratris</strong></span> <span class='ocrx_word' id='word_1_155' title='bbox 449 2601 528 2678; x_wconf 89' lang='lat' dir='ltr'><strong>mei,</strong></span> <span class='ocrx_word' id='word_1_156' title='bbox 549 2603 654 2665; x_wconf 89' lang='lat' dir='ltr'><strong>immo</strong></span> <span class='ocrx_word' id='word_1_157' title='bbox 672 2610 707 2666; x_wconf 93' lang='lat' dir='ltr'><strong>et</strong></span> <span class='ocrx_word' id='word_1_158' title='bbox 724 2603 791 2665; x_wconf 88' lang='lat' dir='ltr'><strong>mei</strong></span> <span class='ocrx_word' id='word_1_159' title='bbox 809 2609 845 2665; x_wconf 90' lang='lat' dir='ltr'><strong>et</strong></span> <span class='ocrx_word' id='word_1_160' title='bbox 859 2602 967 2665; x_wconf 87' lang='lat' dir='ltr'><strong>totius</strong></span> <span class='ocrx_word' id='word_1_161' title='bbox 984 2602 1082 2683; x_wconf 79' lang='lat' dir='ltr'><strong>regni</strong></span> <span class='ocrx_word' id='word_1_162' title='bbox 1098 2598 1237 2681; x_wconf 83' lang='lat' dir='ltr'><strong>Angliae</strong></span> <span class='ocrx_word' id='word_1_163' title='bbox 1256 2600 1366 2663; x_wconf 89' lang='lat' dir='ltr'><strong>hostis</strong></span> 
     </span>
     <span class='ocr_line' id='line_1_23' title="bbox 310 2699 1365 2784; baseline -0.001 -21"><span class='ocrx_word' id='word_1_164' title='bbox 310 2699 541 2764; x_wconf 89' lang='lat' dir='ltr'><strong>cruentissimi</strong></span> <span class='ocrx_word' id='word_1_165' title='bbox 562 2701 707 2784; x_wconf 89' lang='lat' dir='ltr'><strong>injurias</strong></span> <span class='ocrx_word' id='word_1_166' title='bbox 729 2708 899 2783; x_wconf 88' lang='lat' dir='ltr'><strong>potenter,</strong></span> <span class='ocrx_word' id='word_1_167' title='bbox 922 2700 1088 2776; x_wconf 87' lang='lat' dir='ltr'><strong>animose,</strong></span> <span class='ocrx_word' id='word_1_168' title='bbox 1109 2718 1151 2762; x_wconf 89' lang='lat' dir='ltr'><strong>ac</strong></span> <span class='ocrx_word' id='word_1_169' title='bbox 1171 2699 1365 2764; x_wconf 87' lang='lat' dir='ltr'><strong>voluntarie</strong></span> 
     </span>
     <span class='ocr_line' id='line_1_24' title="bbox 311 2799 1366 2881; baseline -0.001 -20"><span class='ocrx_word' id='word_1_170' title='bbox 311 2799 531 2880; x_wconf 76' lang='lat' dir='ltr'><strong>propulsatis</strong></span> <span class='ocrx_word' id='word_1_171' title='bbox 585 2800 622 2863; x_wconf 90' lang='lat' dir='ltr'><strong>Si</strong></span> <span class='ocrx_word' id='word_1_172' title='bbox 649 2802 739 2864; x_wconf 90' lang='lat' dir='ltr'><strong>enirn</strong></span> <span class='ocrx_word' id='word_1_173' title='bbox 765 2800 968 2863; x_wconf 91' lang='lat' dir='ltr'><strong>fortitudine</strong></span> <span class='ocrx_word' id='word_1_174' title='bbox 995 2799 1188 2881; x_wconf 83' lang='lat' dir='ltr'><strong>Anglorum</strong></span> <span class='ocrx_word' id='word_1_175' title='bbox 1214 2799 1366 2876; x_wconf 79' lang='lat' dir='ltr'><strong>roboret,</strong></span> 
     </span>
     <span class='ocr_line' id='line_1_25' title="bbox 310 2897 1366 2980; baseline 0.002 -22"><span class='ocrx_word' id='word_1_176' title='bbox 310 2898 431 2962; x_wconf 90' lang='lat' dir='ltr'><strong>inanes</strong></span> <span class='ocrx_word' id='word_1_177' title='bbox 449 2897 729 2963; x_wconf 89' lang='lat' dir='ltr'><strong>Normannornm</strong></span> <span class='ocrx_word' id='word_1_178' title='bbox 747 2901 859 2962; x_wconf 89' lang='lat' dir='ltr'><strong>minas</strong></span> <span class='ocrx_word' id='word_1_179' title='bbox 875 2917 1090 2980; x_wconf 88' lang='lat' dir='ltr'><strong>nequaquam</strong></span> <span class='ocrx_word' id='word_1_180' title='bbox 1108 2916 1232 2961; x_wconf 88' lang='lat' dir='ltr'><strong>censeo</strong></span> <span class='ocrx_word' id='word_1_181' title='bbox 1248 2897 1366 2961; x_wconf 83' lang='lat' dir='ltr'><strong>fonni-</strong></span> 
     </span>
     <span class='ocr_line' id='line_1_26' title="bbox 311 2997 1366 3081; baseline 0 -21"><span class='ocrx_word' id='word_1_182' title='bbox 311 2998 466 3060; x_wconf 66' lang='lat' dir='ltr'><strong>dandas!</strong></span> <span class='ocrx_word' id='word_1_183' title='bbox 517 2998 661 3062; x_wconf 88' lang='lat' dir='ltr'><strong>Talibus</strong></span> <span class='ocrx_word' id='word_1_184' title='bbox 676 2999 783 3080; x_wconf 84' lang='lat' dir='ltr'><strong>igitur</strong></span> <span class='ocrx_word' id='word_1_185' title='bbox 802 2998 990 3081; x_wconf 89' lang='lat' dir='ltr'><strong>promissis,</strong></span> <span class='ocrx_word' id='word_1_186' title='bbox 1013 3018 1092 3080; x_wconf 87' lang='lat' dir='ltr'><strong>quae</strong></span> <span class='ocrx_word' id='word_1_187' title='bbox 1109 3005 1226 3060; x_wconf 88' lang='lat' dir='ltr'><strong>tamen</strong></span> <span class='ocrx_word' id='word_1_188' title='bbox 1246 2998 1280 3059; x_wconf 91' lang='lat' dir='ltr'><strong>in</strong></span> <span class='ocrx_word' id='word_1_189' title='bbox 1299 2997 1366 3060; x_wconf 89' lang='lat' dir='ltr'><strong>fine</strong></span> 
     </span>
     <span class='ocr_line' id='line_1_27' title="bbox 310 3095 1367 3180; baseline -0.001 -20"><span class='ocrx_word' id='word_1_190' title='bbox 310 3098 526 3180; x_wconf 84' lang='lat' dir='ltr'><strong>impudenter</strong></span> <span class='ocrx_word' id='word_1_191' title='bbox 544 3098 699 3171; x_wconf 85' lang='lat' dir='ltr'><strong>violavit,</strong></span> <span class='ocrx_word' id='word_1_192' title='bbox 720 3100 873 3160; x_wconf 91' lang='lat' dir='ltr'><strong>omnium</strong></span> <span class='ocrx_word' id='word_1_193' title='bbox 897 3097 1002 3160; x_wconf 87' lang='lat' dir='ltr'><strong>corda</strong></span> <span class='ocrx_word' id='word_1_194' title='bbox 1024 3097 1090 3161; x_wconf 91' lang='lat' dir='ltr'><strong>sibi</strong></span> <span class='ocrx_word' id='word_1_195' title='bbox 1112 3095 1303 3173; x_wconf 88' lang='lat' dir='ltr'><strong>inclinavit,</strong></span> <span class='ocrx_word' id='word_1_196' title='bbox 1327 3102 1367 3159; x_wconf 94' lang='lat' dir='ltr'><strong>ut</strong></span> 
     </span>
     <span class='ocr_line' id='line_1_28' title="bbox 311 3195 1365 3281; baseline -0.002 -22"><span class='ocrx_word' id='word_1_197' title='bbox 311 3217 374 3280; x_wconf 90' lang='lat' dir='ltr'><strong>pro</strong></span> <span class='ocrx_word' id='word_1_198' title='bbox 404 3199 480 3281; x_wconf 91' lang='lat' dir='ltr'><strong>ipso</strong></span> <span class='ocrx_word' id='word_1_199' title='bbox 509 3207 631 3261; x_wconf 90' lang='lat' dir='ltr'><strong>contra</strong></span> <span class='ocrx_word' id='word_1_200' title='bbox 656 3198 843 3280; x_wconf 91' lang='lat' dir='ltr'><strong>quemlibet</strong></span> <span class='ocrx_word' id='word_1_201' title='bbox 871 3216 981 3279; x_wconf 91' lang='lat' dir='ltr'><strong>usque</strong></span> <span class='ocrx_word' id='word_1_202' title='bbox 1013 3196 1056 3260; x_wconf 92' lang='lat' dir='ltr'><strong>ad</strong></span> <span class='ocrx_word' id='word_1_203' title='bbox 1081 3196 1205 3277; x_wconf 87' lang='lat' dir='ltr'><strong>capitis</strong></span> <span class='ocrx_word' id='word_1_204' title='bbox 1229 3195 1365 3278; x_wconf 84' lang='lat' dir='ltr'><strong>exposi-</strong></span> 
     </span>
    </p>
   </div>
   <div class='ocr_carea' id='block_1_3' title="bbox 264 3297 1134 3565">
    <p class='ocr_par' dir='ltr' id='par_1_3' title="bbox 264 3297 1134 3565">
     <span class='ocr_line' id='line_1_29' title="bbox 310 3297 671 3361; baseline 0.003 -1"><span class='ocrx_word' id='word_1_205' title='bbox 310 3299 439 3361; x_wconf 87' lang='lat' dir='ltr'><strong>tionem</strong></span> <span class='ocrx_word' id='word_1_206' title='bbox 457 3297 671 3361; x_wconf 88' lang='lat' dir='ltr'><strong>dimicarent.</strong></span> 
     </span>
     <span class='ocr_line' id='line_1_30' title="bbox 272 3420 1130 3476; baseline 0.001 -22"><span class='ocrx_word' id='word_1_207' title='bbox 272 3420 329 3454; x_wconf 78' lang='grc' dir='ltr'><strong>ΡΑΘ.</strong></span> <span class='ocrx_word' id='word_1_208' title='bbox 352 3421 404 3456; x_wconf 76' lang='grc' dir='ltr'><strong>ΗΝ.</strong></span> <span class='ocrx_word' id='word_1_209' title='bbox 1118 3466 1130 3476; x_wconf 56' lang='grc'>·</span> 
     </span>
     <span class='ocr_line' id='line_1_31' title="bbox 264 3480 1134 3565; baseline 0.002 -24"><span class='ocrx_word' id='word_1_210' title='bbox 264 3484 339 3556; x_wconf 87' lang='grc'><strong>181,</strong></span> <span class='ocrx_word' id='word_1_211' title='bbox 357 3484 409 3554; x_wconf 89' lang='grc'><strong>13,</strong></span> <span class='ocrx_word' id='word_1_212' title='bbox 431 3482 613 3546; x_wconf 77' lang='lat' dir='ltr'><strong>Teakercbe-</strong></span> <span class='ocrx_word' id='word_1_213' title='bbox 662 3490 716 3547; x_wconf 90' lang='lat' dir='ltr'><strong>est</strong></span> <span class='ocrx_word' id='word_1_214' title='bbox 730 3503 840 3565; x_wconf 91' lang='lat' dir='ltr'><strong>usque</strong></span> <span class='ocrx_word' id='word_1_215' title='bbox 854 3483 890 3546; x_wconf 93' lang='lat' dir='ltr'><strong>in</strong></span> <span class='ocrx_word' id='word_1_216' title='bbox 906 3480 1134 3545; x_wconf 88' lang='lat' dir='ltr'><strong>Hercbcbrai.</strong></span> 
     </span>
    </p>
   </div>
   <div class='ocr_carea' id='block_1_4' title="bbox 428 3577 499 3643">
    <p class='ocr_par' dir='ltr' id='par_1_4' title="bbox 428 3577 499 3643">
     <span class='ocr_line' id='line_1_32' title="bbox 428 3577 499 3643; baseline 0.028 -2"><span class='ocrx_word' id='word_1_217' title='bbox 428 3577 499 3643; x_wconf 75' lang='lat' dir='ltr'><strong>brai</strong></span> 
     </span>
    </p>
   </div>
   <div class='ocr_carea' id='block_1_5' title="bbox 262 3693 749 3760">
    <p class='ocr_par' dir='ltr' id='par_1_5' title="bbox 262 3693 749 3760">
     <span class='ocr_line' id='line_1_33' title="bbox 262 3693 749 3760; baseline 0.004 -6"><span class='ocrx_word' id='word_1_218' title='bbox 262 3733 313 3745; x_wconf 85' lang='lat'><strong>-</strong></span> <span class='ocrx_word' id='word_1_219' title='bbox 355 3729 399 3739; x_wconf 91' lang='lat'><em>-</em></span> <span class='ocrx_word' id='word_1_220' title='bbox 424 3693 537 3759; x_wconf 79' lang='lat' dir='ltr'><strong>obsedit</strong></span> <span class='ocrx_word' id='word_1_221' title='bbox 663 3696 749 3760; x_wconf 78' lang='lat' dir='ltr'><strong>deest.</strong></span> 
     </span>
    </p>
   </div>
   <div class='ocr_carea' id='block_1_6' title="bbox 263 3807 1369 4368">
    <p class='ocr_par' dir='ltr' id='par_1_6' title="bbox 263 3807 1369 4368">
     <span class='ocr_line' id='line_1_34' title="bbox 263 3807 1368 3886; baseline -0.002 -16"><span class='ocrx_word' id='word_1_222' title='bbox 263 3851 314 3861; x_wconf 93' lang='lat'><em>-</em></span> <span class='ocrx_word' id='word_1_223' title='bbox 360 3811 411 3884; x_wconf 87' lang='lat'><strong>19,</strong></span> <span class='ocrx_word' id='word_1_224' title='bbox 428 3810 613 3886; x_wconf 71' lang='lat' dir='ltr'><strong>inchoatam,</strong></span> <span class='ocrx_word' id='word_1_225' title='bbox 663 3810 871 3882; x_wconf 85' lang='lat' dir='ltr'><strong>inchoatam,</strong></span> <span class='ocrx_word' id='word_1_226' title='bbox 889 3811 948 3873; x_wconf 90' lang='lat' dir='ltr'><strong>ubi</strong></span> <span class='ocrx_word' id='word_1_227' title='bbox 963 3809 1116 3871; x_wconf 87' lang='lat' dir='ltr'><strong>fautores</strong></span> <span class='ocrx_word' id='word_1_228' title='bbox 1131 3807 1229 3870; x_wconf 87' lang='lat' dir='ltr'><strong>ducis</strong></span> <span class='ocrx_word' id='word_1_229' title='bbox 1243 3807 1279 3868; x_wconf 93' lang='lat' dir='ltr'><strong>in</strong></span> <span class='ocrx_word' id='word_1_230' title='bbox 1296 3825 1368 3869; x_wconf 88' lang='lat' dir='ltr'><strong>cas-</strong></span> 
     </span>
     <span class='ocr_line' id='line_1_35' title="bbox 430 3909 1369 3987; baseline -0.004 -15"><span class='ocrx_word' id='word_1_231' title='bbox 430 3919 458 3972; x_wconf 83' lang='lat' dir='ltr'><strong>et</strong></span> <span class='ocrx_word' id='word_1_232' title='bbox 685 3909 805 3971; x_wconf 89' lang='lat' dir='ltr'><strong>tellum</strong></span> <span class='ocrx_word' id='word_1_233' title='bbox 832 3909 1098 3972; x_wconf 90' lang='lat' dir='ltr'><strong>munitissimum</strong></span> <span class='ocrx_word' id='word_1_234' title='bbox 1126 3926 1202 3970; x_wconf 89' lang='lat' dir='ltr'><strong>sese</strong></span> <span class='ocrx_word' id='word_1_235' title='bbox 1233 3925 1369 3987; x_wconf 88' lang='lat' dir='ltr'><strong>recepe-</strong></span> 
     </span>
     <span class='ocr_line' id='line_1_36' title="bbox 686 4005 1368 4081; baseline -0.004 -12"><span class='ocrx_word' id='word_1_236' title='bbox 686 4014 778 4069; x_wconf 87' lang='lat' dir='ltr'><strong>runt.</strong></span> <span class='ocrx_word' id='word_1_237' title='bbox 832 4007 932 4070; x_wconf 91' lang='lat' dir='ltr'><strong>Duce</strong></span> <span class='ocrx_word' id='word_1_238' title='bbox 949 4027 1032 4071; x_wconf 90' lang='lat' dir='ltr'><strong>vero</strong></span> <span class='ocrx_word' id='word_1_239' title='bbox 1053 4005 1258 4081; x_wconf 89' lang='lat' dir='ltr'><strong>declinante,</strong></span> <span class='ocrx_word' id='word_1_240' title='bbox 1279 4005 1368 4066; x_wconf 90' lang='lat' dir='ltr'><strong>mili-</strong></span> 
     </span>
     <span class='ocr_line' id='line_1_37' title="bbox 686 4104 1369 4186; baseline -0.003 -19"><span class='ocrx_word' id='word_1_241' title='bbox 686 4113 739 4168; x_wconf 91' lang='lat' dir='ltr'><strong>tes</strong></span> <span class='ocrx_word' id='word_1_242' title='bbox 759 4106 868 4186; x_wconf 91' lang='lat' dir='ltr'><strong>ipsius</strong></span> <span class='ocrx_word' id='word_1_243' title='bbox 896 4106 1108 4169; x_wconf 91' lang='lat' dir='ltr'><strong>obsidionem</strong></span> <span class='ocrx_word' id='word_1_244' title='bbox 1131 4105 1223 4185; x_wconf 84' lang='lat' dir='ltr'><strong>regis</strong></span> <span class='ocrx_word' id='word_1_245' title='bbox 1245 4104 1369 4185; x_wconf 88' lang='lat' dir='ltr'><strong>imper-</strong></span> 
     </span>
     <span class='ocr_line' id='line_1_38' title="bbox 687 4202 1368 4287; baseline -0.003 -20"><span class='ocrx_word' id='word_1_246' title='bbox 687 4204 805 4267; x_wconf 90' lang='lat' dir='ltr'><strong>territe</strong></span> <span class='ocrx_word' id='word_1_247' title='bbox 829 4213 1061 4287; x_wconf 83' lang='lat' dir='ltr'><strong>expectarunt</strong></span> <span class='ocrx_word' id='word_1_248' title='bbox 1082 4224 1119 4266; x_wconf 93' lang='lat' dir='ltr'><strong>se</strong></span> <span class='ocrx_word' id='word_1_249' title='bbox 1144 4204 1289 4266; x_wconf 88' lang='lat' dir='ltr'><strong>viriliter</strong></span> <span class='ocrx_word' id='word_1_250' title='bbox 1313 4202 1368 4266; x_wconf 78' lang='lat' dir='ltr'><strong>de</strong></span> 
     </span>
     <span class='ocr_line' id='line_1_39' title="bbox 686 4303 1286 4368; baseline -0.003 -2"><span class='ocrx_word' id='word_1_251' title='bbox 686 4304 875 4368; x_wconf 80' lang='lat' dir='ltr'><strong>fendenteS.</strong></span> <span class='ocrx_word' id='word_1_252' title='bbox 927 4305 1082 4367; x_wconf 84' lang='lat' dir='ltr'><strong>Tandem</strong></span> <span class='ocrx_word' id='word_1_253' title='bbox 1100 4303 1286 4366; x_wconf 76' lang='lat' dir='ltr'><strong>Robertus</strong></span> 
     </span>
    </p>
   </div>
   <div class='ocr_carea' id='block_1_7' title="bbox 0 0 1601 4992">
    <p class='ocr_par' dir='ltr' id='par_1_7' title="bbox 0 0 1601 4992">
     <span class='ocr_line' id='line_1_40' title="bbox 0 0 1601 4992; baseline 0 0"><span class='ocrx_word' id='word_1_254' title='bbox 0 0 1601 4992; x_wconf 95' lang='lat' dir='ltr'><strong> </strong></span> 
     </span>
    </p>
   </div>
  </div>
 </body>
</html>
