<?xml version="1.0" encoding="UTF-8"?>
<!DOCTYPE html PUBLIC "-//W3C//DTD XHTML 1.0 Transitional//EN"
    "http://www.w3.org/TR/xhtml1/DTD/xhtml1-transitional.dtd">
<html xmlns="http://www.w3.org/1999/xhtml" xml:lang="en" lang="en">
 <head>
  <title>
</title>
<meta http-equiv="Content-Type" content="text/html;charset=utf-8" />
  <meta name='ocr-system' content='tesseract 3.04.00' />
  <meta name='ocr-capabilities' content='ocr_page ocr_carea ocr_par ocr_line ocrx_word'/>
</head>
<body>
  <div class='ocr_page' id='page_1' title='image "appendixadroger00parigoog_0083.png"; bbox 0 0 3150 4992; ppageno 0'>
   <div class='ocr_carea' id='block_1_1' title="bbox 256 457 989 520">
    <p class='ocr_par' dir='ltr' id='par_1_1' title="bbox 256 457 989 520">
     <span class='ocr_line' id='line_1_1' title="bbox 256 457 989 520; baseline -0.011 0"><span class='ocrx_word' id='word_1_1' title='bbox 256 457 301 520; x_wconf 85' lang='grc'><strong>62</strong></span> <span class='ocrx_word' id='word_1_2' title='bbox 631 467 830 516; x_wconf 76' lang='lat' dir='ltr'><strong>moriones</strong></span> <span class='ocrx_word' id='word_1_3' title='bbox 857 467 989 516; x_wconf 67' lang='lat' dir='ltr'><strong>venre.</strong></span> 
     </span>
    </p>
   </div>
   <div class='ocr_carea' id='block_1_2' title="bbox 268 596 408 634">
    <p class='ocr_par' dir='ltr' id='par_1_2' title="bbox 268 596 408 634">
     <span class='ocr_line' id='line_1_2' title="bbox 268 596 408 634; baseline 0.014 -2"><span class='ocrx_word' id='word_1_4' title='bbox 268 597 326 634; x_wconf 76' lang='lat' dir='ltr'><strong>PAG.</strong></span> <span class='ocrx_word' id='word_1_5' title='bbox 355 596 408 634; x_wconf 75' lang='lat' dir='ltr'><strong>ult.</strong></span> 
     </span>
    </p>
   </div>
   <div class='ocr_carea' id='block_1_3' title="bbox 260 655 858 981">
    <p class='ocr_par' dir='ltr' id='par_1_3' title="bbox 260 655 858 981">
     <span class='ocr_line' id='line_1_3' title="bbox 262 655 858 734; baseline -0.013 -12"><span class='ocrx_word' id='word_1_6' title='bbox 262 656 338 734; x_wconf 82' lang='grc'>207,</span> <span class='ocrx_word' id='word_1_7' title='bbox 377 657 406 733; x_wconf 91' lang='grc'><strong>7,</strong></span> <span class='ocrx_word' id='word_1_8' title='bbox 424 655 563 721; x_wconf 70' lang='lat' dir='ltr'><strong>Blasioni</strong></span> <span class='ocrx_word' id='word_1_9' title='bbox 661 655 858 720; x_wconf 83' lang='lat' dir='ltr'><strong>Blesentiae.</strong></span> 
     </span>
     <span class='ocr_line' id='line_1_4' title="bbox 260 780 815 867; baseline -0.009 -22"><span class='ocrx_word' id='word_1_10' title='bbox 260 819 312 830; x_wconf 88' lang='lat'><em>-</em></span> <span class='ocrx_word' id='word_1_11' title='bbox 356 784 409 859; x_wconf 91' lang='grc'><strong>22,</strong></span> <span class='ocrx_word' id='word_1_12' title='bbox 426 782 539 867; x_wconf 73' lang='lat' dir='ltr'><strong>Breper</strong></span> <span class='ocrx_word' id='word_1_13' title='bbox 664 780 815 860; x_wconf 81' lang='lat' dir='ltr'><strong>Bruges.</strong></span> 
     </span>
     <span class='ocr_line' id='line_1_5' title="bbox 260 901 753 981; baseline -0.006 -14"><span class='ocrx_word' id='word_1_14' title='bbox 260 942 313 953; x_wconf 89' lang='lat'><em>-</em></span> <span class='ocrx_word' id='word_1_15' title='bbox 356 905 408 981; x_wconf 88' lang='grc'><strong>23,</strong></span> <span class='ocrx_word' id='word_1_16' title='bbox 424 903 550 969; x_wconf 73' lang='lat' dir='ltr'><strong>Roborii</strong></span> <span class='ocrx_word' id='word_1_17' title='bbox 662 901 753 965; x_wconf 75' lang='lat' dir='ltr'><strong>deest.</strong></span> 
     </span>
    </p>
   </div>
   <div class='ocr_carea' id='block_1_4' title="bbox 261 1023 1369 3479">
    <p class='ocr_par' dir='ltr' id='par_1_4' title="bbox 261 1023 1369 3479">
     <span class='ocr_line' id='line_1_6' title="bbox 261 1023 1366 1106; baseline -0.006 -12"><span class='ocrx_word' id='word_1_18' title='bbox 261 1031 336 1106; x_wconf 89' lang='grc'>208,</span> <span class='ocrx_word' id='word_1_19' title='bbox 354 1030 408 1106; x_wconf 71' lang='grc'><strong>21,</strong></span> <span class='ocrx_word' id='word_1_20' title='bbox 421 1028 593 1092; x_wconf 71' lang='lat' dir='ltr'><strong>trucidavit</strong></span> <span class='ocrx_word' id='word_1_21' title='bbox 662 1025 754 1088; x_wconf 83' lang='lat' dir='ltr'><strong>addit</strong></span> <span class='ocrx_word' id='word_1_22' title='bbox 778 1023 905 1101; x_wconf 75' lang='lat' dir='ltr'><strong>Paris„</strong></span> <span class='ocrx_word' id='word_1_23' title='bbox 928 1023 1030 1088; x_wconf 83' lang='lat' dir='ltr'><strong>Circa</strong></span> <span class='ocrx_word' id='word_1_24' title='bbox 1054 1025 1173 1089; x_wconf 87' lang='lat' dir='ltr'><strong>eadem</strong></span> <span class='ocrx_word' id='word_1_25' title='bbox 1199 1043 1366 1088; x_wconf 89' lang='lat' dir='ltr'><strong>annorum</strong></span> 
     </span>
     <span class='ocr_line' id='line_1_7' title="bbox 685 1122 1367 1206; baseline -0.001 -18"><span class='ocrx_word' id='word_1_26' title='bbox 685 1132 854 1206; x_wconf 86' lang='lat' dir='ltr'><strong>tempora,</strong></span> <span class='ocrx_word' id='word_1_27' title='bbox 874 1122 929 1187; x_wconf 86' lang='lat' dir='ltr'><strong>die</strong></span> <span class='ocrx_word' id='word_1_28' title='bbox 947 1125 1058 1188; x_wconf 86' lang='lat' dir='ltr'><strong>sancti</strong></span> <span class='ocrx_word' id='word_1_29' title='bbox 1075 1123 1098 1187; x_wconf 87' lang='lat' dir='ltr'><strong>J</strong></span> <span class='ocrx_word' id='word_1_30' title='bbox 1101 1124 1246 1188; x_wconf 89' lang='lat' dir='ltr'><strong>ohannis</strong></span> <span class='ocrx_word' id='word_1_31' title='bbox 1260 1145 1367 1187; x_wconf 85' lang='lat' dir='ltr'><strong>evan·</strong></span> 
     </span>
     <span class='ocr_line' id='line_1_8' title="bbox 686 1223 1367 1306; baseline 0 -19"><span class='ocrx_word' id='word_1_32' title='bbox 686 1223 821 1306; x_wconf 70' lang='lat' dir='ltr'><strong>gelista&gt;</strong></span> <span class='ocrx_word' id='word_1_33' title='bbox 832 1223 965 1287; x_wconf 89' lang='lat' dir='ltr'><strong>scilicet</strong></span> <span class='ocrx_word' id='word_1_34' title='bbox 977 1225 1014 1286; x_wconf 93' lang='lat' dir='ltr'><strong>in</strong></span> <span class='ocrx_word' id='word_1_35' title='bbox 1023 1224 1143 1300; x_wconf 86' lang='lat' dir='ltr'><strong>natali,</strong></span> <span class='ocrx_word' id='word_1_36' title='bbox 1156 1225 1314 1287; x_wconf 86' lang='lat' dir='ltr'><strong>exierant</strong></span> <span class='ocrx_word' id='word_1_37' title='bbox 1322 1226 1367 1287; x_wconf 93' lang='lat' dir='ltr'><strong>ab</strong></span> 
     </span>
     <span class='ocr_line' id='line_1_9' title="bbox 687 1323 1368 1400; baseline 0.001 -14"><span class='ocrx_word' id='word_1_38' title='bbox 687 1324 828 1387; x_wconf 81' lang='lat' dir='ltr'>abbatia</span> <span class='ocrx_word' id='word_1_39' title='bbox 846 1330 977 1387; x_wconf 85' lang='lat' dir='ltr'><strong>sanotae</strong></span> <span class='ocrx_word' id='word_1_40' title='bbox 994 1323 1120 1386; x_wconf 81' lang='lat' dir='ltr'><strong>Mariae</strong></span> <span class='ocrx_word' id='word_1_41' title='bbox 1141 1323 1302 1400; x_wconf 82' lang='lat' dir='ltr'><strong>Eboraci,</strong></span> <span class='ocrx_word' id='word_1_42' title='bbox 1325 1324 1368 1387; x_wconf 92' lang='lat' dir='ltr'><strong>li·</strong></span> 
     </span>
     <span class='ocr_line' id='line_1_10' title="bbox 686 1423 1367 1505; baseline -0.001 -19"><span class='ocrx_word' id='word_1_43' title='bbox 686 1423 802 1487; x_wconf 90' lang='lat' dir='ltr'><strong>centia</strong></span> <span class='ocrx_word' id='word_1_44' title='bbox 832 1423 979 1500; x_wconf 88' lang='lat' dir='ltr'><strong>abbatis,</strong></span> <span class='ocrx_word' id='word_1_45' title='bbox 1010 1424 1104 1505; x_wconf 87' lang='lat' dir='ltr'><strong>prior</strong></span> <span class='ocrx_word' id='word_1_46' title='bbox 1136 1431 1172 1486; x_wconf 87' lang='lat' dir='ltr'><strong>et</strong></span> <span class='ocrx_word' id='word_1_47' title='bbox 1204 1424 1367 1505; x_wconf 87' lang='lat' dir='ltr'>supprior</span> 
     </span>
     <span class='ocr_line' id='line_1_11' title="bbox 687 1521 1366 1605; baseline -0.003 -19"><span class='ocrx_word' id='word_1_48' title='bbox 687 1521 840 1605; x_wconf 85' lang='lat' dir='ltr'><strong>ejusdem</strong></span> <span class='ocrx_word' id='word_1_49' title='bbox 858 1521 992 1599; x_wconf 91' lang='lat' dir='ltr'><strong>domus,</strong></span> <span class='ocrx_word' id='word_1_50' title='bbox 1012 1542 1090 1586; x_wconf 90' lang='lat' dir='ltr'><strong>cum</strong></span> <span class='ocrx_word' id='word_1_51' title='bbox 1107 1521 1266 1605; x_wconf 83' lang='lat' dir='ltr'><strong>plurimis</strong></span> <span class='ocrx_word' id='word_1_52' title='bbox 1285 1524 1366 1585; x_wconf 88' lang='lat' dir='ltr'><strong>obe-</strong></span> 
     </span>
     <span class='ocr_line' id='line_1_12' title="bbox 687 1621 1366 1704; baseline 0.003 -20"><span class='ocrx_word' id='word_1_53' title='bbox 687 1622 892 1697; x_wconf 85' lang='lat' dir='ltr'><strong>dientiariis,</strong></span> <span class='ocrx_word' id='word_1_54' title='bbox 906 1623 956 1685; x_wconf 90' lang='lat' dir='ltr'><strong>ita</strong></span> <span class='ocrx_word' id='word_1_55' title='bbox 970 1621 1061 1704; x_wconf 92' lang='lat' dir='ltr'><strong>quod</strong></span> <span class='ocrx_word' id='word_1_56' title='bbox 1077 1621 1241 1685; x_wconf 87' lang='lat' dir='ltr'>tredecim</span> <span class='ocrx_word' id='word_1_57' title='bbox 1255 1631 1366 1699; x_wconf 88' lang='lat' dir='ltr'><strong>erant,</strong></span> 
     </span>
     <span class='ocr_line' id='line_1_13' title="bbox 687 1721 1367 1802; baseline 0 -19"><span class='ocrx_word' id='word_1_58' title='bbox 687 1727 882 1802; x_wconf 78' lang='lat' dir='ltr'><strong>quaerentes</strong></span> <span class='ocrx_word' id='word_1_59' title='bbox 892 1722 958 1784; x_wconf 91' lang='lat' dir='ltr'>sibi</span> <span class='ocrx_word' id='word_1_60' title='bbox 972 1721 1184 1784; x_wconf 81' lang='lat' dir='ltr'><strong>mansionem</strong></span> <span class='ocrx_word' id='word_1_61' title='bbox 1195 1721 1367 1798; x_wconf 78' lang='lat' dir='ltr'><strong>idoneam,</strong></span> 
     </span>
     <span class='ocr_line' id='line_1_14' title="bbox 686 1820 1367 1885; baseline -0.001 -1"><span class='ocrx_word' id='word_1_62' title='bbox 686 1820 843 1884; x_wconf 85' lang='lat' dir='ltr'><strong>volentes</strong></span> <span class='ocrx_word' id='word_1_63' title='bbox 867 1821 973 1884; x_wconf 86' lang='lat' dir='ltr'><strong>vitam</strong></span> <span class='ocrx_word' id='word_1_64' title='bbox 996 1828 1131 1884; x_wconf 89' lang='lat' dir='ltr'><strong>arctare</strong></span> <span class='ocrx_word' id='word_1_65' title='bbox 1154 1828 1189 1884; x_wconf 89' lang='lat' dir='ltr'><strong>et</strong></span> <span class='ocrx_word' id='word_1_66' title='bbox 1210 1820 1367 1885; x_wconf 87' lang='lat' dir='ltr'><strong>habitum</strong></span> 
     </span>
     <span class='ocr_line' id='line_1_15' title="bbox 687 1920 1368 2002; baseline 0.003 -20"><span class='ocrx_word' id='word_1_67' title='bbox 687 1926 835 1997; x_wconf 86' lang='lat' dir='ltr'><strong>mutare,</strong></span> <span class='ocrx_word' id='word_1_68' title='bbox 850 1921 942 1984; x_wconf 89' lang='lat' dir='ltr'><strong>sicut</strong></span> <span class='ocrx_word' id='word_1_69' title='bbox 957 1920 1110 1983; x_wconf 83' lang='lat' dir='ltr'><strong>fecerunt</strong></span> <span class='ocrx_word' id='word_1_70' title='bbox 1127 1921 1178 1983; x_wconf 94' lang='lat' dir='ltr'><strong>illi</strong></span> <span class='ocrx_word' id='word_1_71' title='bbox 1190 1921 1280 2002; x_wconf 84' lang='lat' dir='ltr'><strong>nigri</strong></span> <span class='ocrx_word' id='word_1_72' title='bbox 1295 1940 1368 1984; x_wconf 93' lang='lat' dir='ltr'><strong>mo-</strong></span> 
     </span>
     <span class='ocr_line' id='line_1_16' title="bbox 688 2019 1368 2101; baseline 0 -19"><span class='ocrx_word' id='word_1_73' title='bbox 688 2019 802 2096; x_wconf 88' lang='lat' dir='ltr'><strong>naehi,</strong></span> <span class='ocrx_word' id='word_1_74' title='bbox 833 2021 893 2101; x_wconf 93' lang='lat' dir='ltr'><strong>qui</strong></span> <span class='ocrx_word' id='word_1_75' title='bbox 926 2019 1189 2084; x_wconf 87' lang='lat' dir='ltr'><strong>Cistercieusem</strong></span> <span class='ocrx_word' id='word_1_76' title='bbox 1215 2020 1368 2084; x_wconf 83' lang='lat' dir='ltr'><strong>ordinem</strong></span> 
     </span>
     <span class='ocr_line' id='line_1_17' title="bbox 686 2119 1369 2200; baseline 0 -18"><span class='ocrx_word' id='word_1_77' title='bbox 686 2119 949 2196; x_wconf 86' lang='lat' dir='ltr'><strong>inchoaverunt,</strong></span> <span class='ocrx_word' id='word_1_78' title='bbox 964 2120 1088 2200; x_wconf 89' lang='lat' dir='ltr'><strong>quibus</strong></span> <span class='ocrx_word' id='word_1_79' title='bbox 1101 2120 1230 2182; x_wconf 88' lang='lat' dir='ltr'><strong>dictum</strong></span> <span class='ocrx_word' id='word_1_80' title='bbox 1244 2127 1297 2182; x_wconf 87' lang='lat' dir='ltr'><strong>est</strong></span> <span class='ocrx_word' id='word_1_81' title='bbox 1310 2119 1369 2182; x_wconf 90' lang='lat' dir='ltr'><strong>de·</strong></span> 
     </span>
     <span class='ocr_line' id='line_1_18' title="bbox 687 2217 1367 2302; baseline 0 -22"><span class='ocrx_word' id='word_1_82' title='bbox 687 2238 792 2302; x_wconf 88' lang='lat' dir='ltr'><strong>super</strong></span> <span class='ocrx_word' id='word_1_83' title='bbox 809 2218 1038 2295; x_wconf 87' lang='lat' dir='ltr'><strong>‘Ciestanus,&#39;</strong></span> <span class='ocrx_word' id='word_1_84' title='bbox 1052 2217 1144 2300; x_wconf 92' lang='lat' dir='ltr'><strong>quod</strong></span> <span class='ocrx_word' id='word_1_85' title='bbox 1158 2226 1210 2282; x_wconf 85' lang='lat' dir='ltr'><strong>est</strong></span> <span class='ocrx_word' id='word_1_86' title='bbox 1224 2218 1367 2295; x_wconf 88' lang='lat' dir='ltr'><strong>dictum,</strong></span> 
     </span>
     <span class='ocr_line' id='line_1_19' title="bbox 687 2318 1368 2398; baseline 0 -16"><span class='ocrx_word' id='word_1_87' title='bbox 687 2319 782 2382; x_wconf 90' lang='lat' dir='ltr'><strong>‘Hic</strong></span> <span class='ocrx_word' id='word_1_88' title='bbox 806 2318 974 2398; x_wconf 79' lang='lat' dir='ltr'><strong>manete3’</strong></span> <span class='ocrx_word' id='word_1_89' title='bbox 1008 2325 1043 2381; x_wconf 90' lang='lat' dir='ltr'><strong>et</strong></span> <span class='ocrx_word' id='word_1_90' title='bbox 1073 2337 1151 2382; x_wconf 86' lang='lat' dir='ltr'><strong>cum</strong></span> <span class='ocrx_word' id='word_1_91' title='bbox 1184 2318 1268 2382; x_wconf 89' lang='lat' dir='ltr'><strong>dieti</strong></span> <span class='ocrx_word' id='word_1_92' title='bbox 1299 2325 1368 2382; x_wconf 84' lang='lat' dir='ltr'><strong>tre·</strong></span> 
     </span>
     <span class='ocr_line' id='line_1_20' title="bbox 687 2416 1367 2500; baseline -0.001 -19"><span class='ocrx_word' id='word_1_93' title='bbox 687 2419 797 2483; x_wconf 82' lang='lat' dir='ltr'><strong>decim</strong></span> <span class='ocrx_word' id='word_1_94' title='bbox 814 2419 989 2482; x_wconf 83' lang='lat' dir='ltr'><strong>venissent</strong></span> <span class='ocrx_word' id='word_1_95' title='bbox 1006 2417 1050 2480; x_wconf 91' lang='lat' dir='ltr'><strong>ad</strong></span> <span class='ocrx_word' id='word_1_96' title='bbox 1068 2416 1237 2500; x_wconf 87' lang='lat' dir='ltr'><strong>quendam</strong></span> <span class='ocrx_word' id='word_1_97' title='bbox 1253 2419 1367 2482; x_wconf 90' lang='lat' dir='ltr'><strong>locum</strong></span> 
     </span>
     <span class='ocr_line' id='line_1_21' title="bbox 687 2517 1367 2594; baseline 0 -14"><span class='ocrx_word' id='word_1_98' title='bbox 687 2517 839 2582; x_wconf 89' lang='lat' dir='ltr'><strong>horroris</strong></span> <span class='ocrx_word' id='word_1_99' title='bbox 866 2526 902 2582; x_wconf 87' lang='lat' dir='ltr'><strong>et</strong></span> <span class='ocrx_word' id='word_1_100' title='bbox 930 2524 1039 2582; x_wconf 85' lang='lat' dir='ltr'><strong>vastae</strong></span> <span class='ocrx_word' id='word_1_101' title='bbox 1066 2517 1272 2594; x_wconf 87' lang='lat' dir='ltr'><strong>solitudinis,</strong></span> <span class='ocrx_word' id='word_1_102' title='bbox 1300 2518 1367 2581; x_wconf 91' lang='lat' dir='ltr'><strong>sci·</strong></span> 
     </span>
     <span class='ocr_line' id='line_1_22' title="bbox 687 2617 1368 2699; baseline 0.001 -19"><span class='ocrx_word' id='word_1_103' title='bbox 687 2617 768 2682; x_wconf 88' lang='lat' dir='ltr'><strong>licet</strong></span> <span class='ocrx_word' id='word_1_104' title='bbox 803 2619 839 2680; x_wconf 93' lang='lat' dir='ltr'><strong>in</strong></span> <span class='ocrx_word' id='word_1_105' title='bbox 871 2617 1063 2681; x_wconf 86' lang='lat' dir='ltr'><strong>convallem</strong></span> <span class='ocrx_word' id='word_1_106' title='bbox 1096 2617 1301 2699; x_wconf 79' lang='lat' dir='ltr'><strong>profundam</strong></span> <span class='ocrx_word' id='word_1_107' title='bbox 1333 2626 1368 2681; x_wconf 86' lang='lat' dir='ltr'><strong>et</strong></span> 
     </span>
     <span class='ocr_line' id='line_1_23' title="bbox 688 2716 1367 2800; baseline -0.001 -20"><span class='ocrx_word' id='word_1_108' title='bbox 688 2737 846 2800; x_wconf 87' lang='lat' dir='ltr'><strong>opacam,</strong></span> <span class='ocrx_word' id='word_1_109' title='bbox 862 2737 940 2800; x_wconf 83' lang='lat' dir='ltr'><strong>quae</strong></span> <span class='ocrx_word' id='word_1_110' title='bbox 956 2717 1026 2781; x_wconf 86' lang='lat' dir='ltr'><strong>sere</strong></span> <span class='ocrx_word' id='word_1_111' title='bbox 1040 2717 1149 2780; x_wconf 85' lang='lat' dir='ltr'><strong>tribus</strong></span> <span class='ocrx_word' id='word_1_112' title='bbox 1164 2716 1367 2779; x_wconf 89' lang='lat' dir='ltr'><strong>milliaribus</strong></span> 
     </span>
     <span class='ocr_line' id='line_1_24' title="bbox 688 2816 1366 2899; baseline -0.001 -20"><span class='ocrx_word' id='word_1_113' title='bbox 688 2817 797 2881; x_wconf 87' lang='lat' dir='ltr'><strong>distat</strong></span> <span class='ocrx_word' id='word_1_114' title='bbox 822 2835 844 2880; x_wconf 93' lang='lat' dir='ltr'><strong>a</strong></span> <span class='ocrx_word' id='word_1_115' title='bbox 873 2816 1005 2899; x_wconf 90' lang='lat' dir='ltr'><strong>Ripun,</strong></span> <span class='ocrx_word' id='word_1_116' title='bbox 1034 2822 1214 2899; x_wconf 84' lang='lat' dir='ltr'><strong>coeperunt</strong></span> <span class='ocrx_word' id='word_1_117' title='bbox 1241 2816 1366 2879; x_wconf 86' lang='lat' dir='ltr'><strong>ibidem</strong></span> 
     </span>
     <span class='ocr_line' id='line_1_25' title="bbox 688 2916 1369 2998; baseline 0 -20"><span class='ocrx_word' id='word_1_118' title='bbox 688 2916 845 2980; x_wconf 88' lang='lat' dir='ltr'><strong>habitare</strong></span> <span class='ocrx_word' id='word_1_119' title='bbox 873 2917 908 2979; x_wconf 93' lang='lat' dir='ltr'><strong>in</strong></span> <span class='ocrx_word' id='word_1_120' title='bbox 939 2935 1074 2979; x_wconf 88' lang='lat' dir='ltr'><strong>summa</strong></span> <span class='ocrx_word' id='word_1_121' title='bbox 1100 2921 1306 2998; x_wconf 87' lang='lat' dir='ltr'><strong>paupertate</strong></span> <span class='ocrx_word' id='word_1_122' title='bbox 1333 2921 1369 2978; x_wconf 86' lang='lat' dir='ltr'><strong>et</strong></span> 
     </span>
     <span class='ocr_line' id='line_1_26' title="bbox 686 3014 1368 3098; baseline -0.003 -20"><span class='ocrx_word' id='word_1_123' title='bbox 686 3016 867 3080; x_wconf 87' lang='lat' dir='ltr'><strong>ecclesiam</strong></span> <span class='ocrx_word' id='word_1_124' title='bbox 877 3014 1058 3092; x_wconf 85' lang='lat' dir='ltr'><strong>fabricare,</strong></span> <span class='ocrx_word' id='word_1_125' title='bbox 1069 3022 1105 3080; x_wconf 86' lang='lat' dir='ltr'><strong>et</strong></span> <span class='ocrx_word' id='word_1_126' title='bbox 1114 3021 1256 3098; x_wconf 87' lang='lat' dir='ltr'><strong>propter</strong></span> <span class='ocrx_word' id='word_1_127' title='bbox 1266 3034 1368 3097; x_wconf 86' lang='lat' dir='ltr'><strong>quos-</strong></span> 
     </span>
     <span class='ocr_line' id='line_1_27' title="bbox 687 3115 1368 3199; baseline -0.003 -21"><span class='ocrx_word' id='word_1_128' title='bbox 687 3115 766 3180; x_wconf 89' lang='lat' dir='ltr'><strong>dam</strong></span> <span class='ocrx_word' id='word_1_129' title='bbox 777 3115 902 3191; x_wconf 82' lang='lat' dir='ltr'><strong>fontes,</strong></span> <span class='ocrx_word' id='word_1_130' title='bbox 916 3135 1004 3197; x_wconf 87' lang='lat' dir='ltr'><strong>quos</strong></span> <span class='ocrx_word' id='word_1_131' title='bbox 1019 3121 1232 3199; x_wconf 88' lang='lat' dir='ltr'><strong>repererunt,</strong></span> <span class='ocrx_word' id='word_1_132' title='bbox 1244 3133 1368 3178; x_wconf 90' lang='lat' dir='ltr'><strong>nomen</strong></span> 
     </span>
     <span class='ocr_line' id='line_1_28' title="bbox 687 3214 1366 3297; baseline -0.001 -19"><span class='ocrx_word' id='word_1_133' title='bbox 687 3215 926 3297; x_wconf 89' lang='lat' dir='ltr'><strong>imposuerunt</strong></span> <span class='ocrx_word' id='word_1_134' title='bbox 941 3220 952 3248; x_wconf 91' lang='lat'>‘</span> <span class='ocrx_word' id='word_1_135' title='bbox 967 3215 1023 3278; x_wconf 89' lang='lat' dir='ltr'><strong>De</strong></span> <span class='ocrx_word' id='word_1_136' title='bbox 1041 3214 1233 3291; x_wconf 85' lang='lat' dir='ltr'><strong>Fontibus,&#39;</strong></span> <span class='ocrx_word' id='word_1_137' title='bbox 1260 3222 1294 3278; x_wconf 87' lang='lat' dir='ltr'><strong>et</strong></span> <span class='ocrx_word' id='word_1_138' title='bbox 1314 3215 1366 3277; x_wconf 93' lang='lat' dir='ltr'><strong>in-</strong></span> 
     </span>
     <span class='ocr_line' id='line_1_29' title="bbox 686 3314 1368 3396; baseline 0 -19"><span class='ocrx_word' id='word_1_139' title='bbox 686 3315 759 3378; x_wconf 89' lang='lat' dir='ltr'><strong>dies</strong></span> <span class='ocrx_word' id='word_1_140' title='bbox 774 3334 917 3379; x_wconf 90' lang='lat' dir='ltr'><strong>numero</strong></span> <span class='ocrx_word' id='word_1_141' title='bbox 930 3322 966 3378; x_wconf 85' lang='lat' dir='ltr'><strong>et</strong></span> <span class='ocrx_word' id='word_1_142' title='bbox 977 3315 1252 3396; x_wconf 87' lang='lat' dir='ltr'><strong>possessionibus</strong></span> <span class='ocrx_word' id='word_1_143' title='bbox 1264 3314 1368 3377; x_wconf 88' lang='lat' dir='ltr'><strong>mira·</strong></span> 
     </span>
     <span class='ocr_line' id='line_1_30' title="bbox 685 3415 1010 3479; baseline -0.003 -1"><span class='ocrx_word' id='word_1_144' title='bbox 685 3415 801 3478; x_wconf 88' lang='lat' dir='ltr'><strong>biliter</strong></span> <span class='ocrx_word' id='word_1_145' title='bbox 814 3420 1010 3479; x_wconf 85' lang='lat' dir='ltr'><strong>creverunt.</strong></span> 
     </span>
    </p>
   </div>
   <div class='ocr_carea' id='block_1_5' title="bbox 267 3537 929 3616">
    <p class='ocr_par' dir='ltr' id='par_1_5' title="bbox 267 3537 929 3616">
     <span class='ocr_line' id='line_1_31' title="bbox 267 3537 929 3616; baseline -0.003 -12"><span class='ocrx_word' id='word_1_146' title='bbox 267 3543 342 3616; x_wconf 88' lang='grc'>210,</span> <span class='ocrx_word' id='word_1_147' title='bbox 360 3541 412 3615; x_wconf 80' lang='lat'><strong>14,</strong></span> <span class='ocrx_word' id='word_1_148' title='bbox 427 3537 606 3602; x_wconf 80' lang='lat' dir='ltr'><strong>terminarit</strong></span> <span class='ocrx_word' id='word_1_149' title='bbox 665 3539 929 3603; x_wconf 85' lang='lat' dir='ltr'><strong>terminabatur.</strong></span> 
     </span>
    </p>
   </div>
   <div class='ocr_carea' id='block_1_6' title="bbox 265 3660 1304 3824">
    <p class='ocr_par' dir='ltr' id='par_1_6' title="bbox 265 3660 1304 3824">
     <span class='ocr_line' id='line_1_32' title="bbox 265 3660 1304 3775; baseline 0.002 -51"><span class='ocrx_word' id='word_1_150' title='bbox 265 3699 316 3709; x_wconf 91' lang='lat'>-</span> <span class='ocrx_word' id='word_1_151' title='bbox 360 3664 411 3739; x_wconf 92' lang='lat'><strong>19,</strong></span> <span class='ocrx_word' id='word_1_152' title='bbox 427 3660 617 3775; x_wconf 56' lang='lat' dir='ltr'><strong>dictatoriae-</strong></span> <span class='ocrx_word' id='word_1_153' title='bbox 664 3663 757 3728; x_wconf 79' lang='lat' dir='ltr'><strong>addit</strong></span> <span class='ocrx_word' id='word_1_154' title='bbox 772 3663 898 3740; x_wconf 74' lang='lat' dir='ltr'><strong>Paris,</strong></span> <span class='ocrx_word' id='word_1_155' title='bbox 915 3684 1023 3747; x_wconf 90' lang='lat' dir='ltr'><strong>nepos</strong></span> <span class='ocrx_word' id='word_1_156' title='bbox 1039 3663 1185 3728; x_wconf 87' lang='lat' dir='ltr'><strong>Henrici</strong></span> <span class='ocrx_word' id='word_1_157' title='bbox 1202 3663 1304 3745; x_wconf 78' lang='lat' dir='ltr'><strong>regis⁸</strong></span> 
     </span>
     <span class='ocr_line' id='line_1_33' title="bbox 428 3781 471 3824; baseline 0 0"><span class='ocrx_word' id='word_1_158' title='bbox 428 3781 471 3824; x_wconf 79' lang='lat' dir='ltr'><strong>su</strong></span> 
     </span>
    </p>
   </div>
   <div class='ocr_carea' id='block_1_7' title="bbox 257 3884 1369 4268">
    <p class='ocr_par' dir='ltr' id='par_1_7' title="bbox 257 3884 1369 4172">
     <span class='ocr_line' id='line_1_34' title="bbox 257 3884 1369 3964; baseline 0.005 -16"><span class='ocrx_word' id='word_1_159' title='bbox 257 3888 341 3964; x_wconf 84' lang='grc'>211,</span> <span class='ocrx_word' id='word_1_160' title='bbox 360 3889 412 3962; x_wconf 92' lang='grc'><strong>20,</strong></span> <span class='ocrx_word' id='word_1_161' title='bbox 429 3884 587 3949; x_wconf 78' lang='lat' dir='ltr'><strong>coronavit</strong></span> <span class='ocrx_word' id='word_1_162' title='bbox 665 3884 758 3949; x_wconf 83' lang='lat' dir='ltr'><strong>addit</strong></span> <span class='ocrx_word' id='word_1_163' title='bbox 785 3886 912 3964; x_wconf 76' lang='lat' dir='ltr'><strong>Paris,</strong></span> <span class='ocrx_word' id='word_1_164' title='bbox 937 3887 1110 3952; x_wconf 86' lang='lat' dir='ltr'><strong>Dedicata</strong></span> <span class='ocrx_word' id='word_1_165' title='bbox 1140 3897 1193 3954; x_wconf 87' lang='lat' dir='ltr'><strong>est</strong></span> <span class='ocrx_word' id='word_1_166' title='bbox 1224 3891 1369 3954; x_wconf 86' lang='lat' dir='ltr'><strong>ecclesia</strong></span> 
     </span>
     <span class='ocr_line' id='line_1_35' title="bbox 431 3985 1369 4072; baseline 0.005 -24"><span class='ocrx_word' id='word_1_167' title='bbox 431 3985 466 4048; x_wconf 84' lang='lat' dir='ltr'><strong>ie</strong></span> <span class='ocrx_word' id='word_1_168' title='bbox 483 4005 580 4069; x_wconf 72' lang='lat' dir='ltr'><strong>repom</strong></span> <span class='ocrx_word' id='word_1_169' title='bbox 689 3985 819 4049; x_wconf 88' lang='lat' dir='ltr'><strong>Christi</strong></span> <span class='ocrx_word' id='word_1_170' title='bbox 848 3986 1133 4066; x_wconf 78' lang='lat' dir='ltr'><strong>cantuariensis3</strong></span> <span class='ocrx_word' id='word_1_171' title='bbox 1170 3989 1279 4072; x_wconf 82' lang='lat' dir='ltr'><strong>Hugo</strong></span> <span class='ocrx_word' id='word_1_172' title='bbox 1310 3991 1369 4053; x_wconf 94' lang='lat' dir='ltr'><strong>ab·</strong></span> 
     </span>
     <span class='ocr_line' id='line_1_36' title="bbox 688 4084 1368 4172; baseline 0.009 -26"><span class='ocrx_word' id='word_1_173' title='bbox 688 4085 751 4148; x_wconf 90' lang='lat' dir='ltr'><strong>bas</strong></span> <span class='ocrx_word' id='word_1_174' title='bbox 768 4084 1002 4168; x_wconf 86' lang='lat' dir='ltr'><strong>Redingensis</strong></span> <span class='ocrx_word' id='word_1_175' title='bbox 1023 4088 1059 4150; x_wconf 91' lang='lat' dir='ltr'><strong>in</strong></span> <span class='ocrx_word' id='word_1_176' title='bbox 1075 4088 1368 4172; x_wconf 88' lang='lat' dir='ltr'><strong>arehiepiscopum</strong></span> 
     </span>
    </p>

    <p class='ocr_par' dir='ltr' id='par_1_8' title="bbox 689 4183 1171 4268">
     <span class='ocr_line' id='line_1_37' title="bbox 689 4183 1171 4268; baseline 0.01 -22"><span class='ocrx_word' id='word_1_177' title='bbox 689 4183 1005 4267; x_wconf 83' lang='lat' dir='ltr'><strong>Rothomagensem</strong></span> <span class='ocrx_word' id='word_1_178' title='bbox 1021 4187 1171 4268; x_wconf 82' lang='lat' dir='ltr'><strong>eligitur.</strong></span> 
     </span>
    </p>
   </div>
   <div class='ocr_carea' id='block_1_8' title="bbox 265 4301 782 4378">
    <p class='ocr_par' dir='ltr' id='par_1_9' title="bbox 265 4301 782 4378">
     <span class='ocr_line' id='line_1_38' title="bbox 265 4301 782 4378; baseline 0.017 -16"><span class='ocrx_word' id='word_1_179' title='bbox 265 4337 317 4348; x_wconf 91' lang='lat'><em>-</em></span> <span class='ocrx_word' id='word_1_180' title='bbox 361 4304 413 4378; x_wconf 90' lang='grc'><strong>28,</strong></span> <span class='ocrx_word' id='word_1_181' title='bbox 430 4302 464 4366; x_wconf 84' lang='lat' dir='ltr'><strong>ie</strong></span> <span class='ocrx_word' id='word_1_182' title='bbox 484 4301 599 4365; x_wconf 80' lang='lat' dir='ltr'><strong>Oilieie</strong></span> <span class='ocrx_word' id='word_1_183' title='bbox 665 4306 782 4371; x_wconf 74' lang='lat' dir='ltr'><strong>desum.</strong></span> 
     </span>
    </p>
   </div>
   <div class='ocr_carea' id='block_1_9' title="bbox 0 0 1582 4992">
    <p class='ocr_par' dir='ltr' id='par_1_10' title="bbox 0 0 1582 4992">
     <span class='ocr_line' id='line_1_39' title="bbox 0 0 1582 4992; baseline 0 0"><span class='ocrx_word' id='word_1_184' title='bbox 0 0 1582 4992; x_wconf 95' lang='lat' dir='ltr'><strong> </strong></span> 
     </span>
    </p>
   </div>
  </div>
 </body>
</html>
