3150 4992
245 437 311 502 232
617 455 818 503 anemonas
842 455 974 502 varra.

246 577 304 613 PAO.
339 576 391 613 nrt.

246 640 302 716 96,
341 635 395 715 27,
405 639 585 722 qemwtrico
644 640 896 704 architectoria.

248 766 302 840 98,
341 765 394 838 19,
409 761 569 845 definitum
616 751 737 828 'addit
767 764 894 841 Paris,
919 763 1020 827 Tunc
1052 762 1179 826 claruit
1207 762 1353 826 inflictio

668 863 831 927 vindictae
855 862 890 926 S.
908 862 1030 942 Pauli3
1056 862 1238 928 Falcasius
1262 863 1354 926 enim

666 963 823 1046 proditor
836 970 999 1026 cruentus
1011 961 1192 1025 ecclesiam
1203 960 1352 1025 S.Pauli

668 1061 932 1127 Bedefordensis
945 1062 1098 1125 diruerat
1114 1060 1159 1124 ad
1174 1062 1229 1125 sni
1244 1061 1349 1125 castri

667 1170 876 1226 structuram
895 1169 930 1226 et
947 1161 1130 1237 munimen,
1146 1161 1207 1243 qui
1220 1160 1295 1244 Jam
1314 1161 1351 1223 in

671 1262 762 1325 beati
779 1259 882 1323 Pauli
899 1259 1056 1324 custodia
1068 1261 1168 1341 quasi
1185 1259 1353 1324 carcerali

673 1361 868 1424 tenebatur.
903 1359 1002 1423 Unde
1017 1358 1193 1422 abbatissa
1210 1358 1251 1421 de
1267 1357 1356 1422 Hel-

672 1467 807 1536 nestne,
841 1459 984 1522 audiens
1015 1457 1211 1521 Falcasium
1243 1459 1279 1520 in
1309 1459 1354 1522 B.

673 1558 821 1622 Paulum
836 1557 1046 1634 desaeviisse,
1060 1558 1121 1620 sed
1141 1557 1222 1620 inde
1238 1557 1352 1620 adhuc

672 1659 879 1738 impunitum
904 1657 1022 1733 fuisse,
1050 1655 1177 1719 auferri
1201 1655 1308 1739 jussit
1331 1675 1354 1719 a

672 1776 776 1819 manu
808 1757 967 1837 imaginis
998 1755 1035 1820 S.
1064 1755 1166 1820 Pauli
1198 1755 1351 1836 gladium

674 1876 775 1939 quem
808 1857 959 1932 tenebat,
990 1862 1025 1919 et
1053 1861 1133 1936 post
1166 1855 1353 1919 vindictam

675 1956 798 2020 merito
814 1956 947 2019 restitui
953 1952 1170 2018 .—0mitted
1187 1954 1222 2017 iu
1242 1954 1276 2016 0.

253 2123 304 2134 -
350 2083 401 2158 25,
419 2080 564 2145 Falcaeii
650 2079 741 2144 addit
768 2079 890 2155 Paris,
923 2079 1126 2159 Margareta
1152 2076 1283 2140 scilicet
1311 2077 1354 2140 de

676 2179 841 2261 RipariiS.

254 2306 308 2380 99,
371 2306 482 2382 5,dcae
494 2326 605 2368 marca
653 2305 886 2396 duosolidi.-

255 2463 306 2474 -
352 2433 405 2504 ll,
421 2430 573 2493 universis
653 2427 746 2491 addit
759 2428 885 2503 Paris,
904 2426 1033 2491 Eodem
1048 2445 1138 2490 anno
1152 2445 1358 2491 consecran-

676 2529 782 2591 turin
805 2527 997 2609 episcopos,
1020 2525 1186 2606 magister
1199 2524 1355 2590 Alexan·

677 2627 738 2688 der
766 2627 809 2689 de
840 2626 1034 2708 Stavensby
1061 2626 1097 2687 in
1127 2625 1357 2703 cestrensem,

680 2724 802 2788 Romae
819 2743 840 2788 a
862 2725 1000 2789 domino
1017 2743 1109 2807 papa
1128 2725 1288 2789 Honorio
1303 2725 1359 2788 die

679 2823 836 2902 Paschae,
855 2825 1049 2889 Willelmns
1069 2843 1177 2906 nepos
1191 2824 1359 2888 Willelmi

680 2925 810 2987 Bruere
826 2924 970 2987 senioris
984 2923 1016 2986 in
1031 2923 1275 3000 Exoniensem,
1287 2923 1358 2987 Ra-

677 3022 827 3105 dulphns
853 3023 894 3086 de
927 3022 1064 3087 Neville
1094 3022 1130 3084 in
1161 3021 1356 3087 cicestren-

678 3142 763 3198 sem,
803 3141 825 3185 a
864 3122 1002 3186 domiuo
1042 3121 1078 3185 S.
1113 3121 1357 3187 cantuariensi

678 3222 951 3305 archiepiscopo;
976 3222 1047 3303 qui,
1061 3220 1138 3285 dico
1150 3220 1358 3304 Radulpbus

680 3320 919 3397 cicestrensis
963 3319 1187 3385 cancellarius
1229 3321 1359 3385 domini

680 3421 782 3501 regis,
814 3422 849 3505 in
880 3421 998 3484 multis
1039 3428 1162 3501 postea
1197 3420 1358 3502 periculis

679 3519 791 3583 fidelis
814 3528 978 3602 expertus
998 3526 1033 3583 et
1049 3518 1233 3601 singularis
1250 3521 1286 3582 in
1308 3540 1361 3583 re-

680 3619 745 3698 giis
768 3619 928 3700 negotiis,
946 3618 1105 3683 columna
1124 3619 1260 3682 stabilis
1279 3619 1361 3683 fide-

680 3716 788 3779 litatis
808 3725 843 3781 et
865 3718 1020 3782 veritatis
1042 3718 1119 3781 fuit.
1171 3717 1242 3781 Sub
1267 3719 1361 3782 illins

679 3817 844 3897 temporis
882 3818 1053 3882 curriculo
1096 3817 1276 3881 Falcasius
1318 3818 1361 3882 de

681 3915 820 3992 Brente,
851 3914 1119 3992 Neusteriensis,
1153 3926 1189 3980 et
1221 3918 1360 3998 spurius

680 4033 722 4076 ex
737 4021 835 4095 parte
847 4017 967 4078 matris
979 4023 1084 4099 atque
1094 4015 1290 4090 bastardus,
1302 4017 1362 4100 qui

679 4112 715 4175 in
733 4113 792 4177 vili
808 4114 968 4196 jumento
990 4116 1177 4202 manticato
1201 4114 1245 4178 ad
1267 4119 1361 4198 regis

679 4212 783 4293 paulo
804 4220 885 4277 ante
909 4216 1102 4279 clientelam
1124 4215 1361 4295 descenderat,
