<?xml version="1.0" encoding="UTF-8"?>
<!DOCTYPE html PUBLIC "-//W3C//DTD XHTML 1.0 Transitional//EN"
    "http://www.w3.org/TR/xhtml1/DTD/xhtml1-transitional.dtd">
<html xmlns="http://www.w3.org/1999/xhtml" xml:lang="en" lang="en">
 <head>
  <title>
</title>
<meta http-equiv="Content-Type" content="text/html;charset=utf-8" />
  <meta name='ocr-system' content='tesseract 3.04.00' />
  <meta name='ocr-capabilities' content='ocr_page ocr_carea ocr_par ocr_line ocrx_word'/>
</head>
<body>
  <div class='ocr_page' id='page_1' title='image "appendixadroger00parigoog_0277.png"; bbox 0 0 3150 4992; ppageno 0'>
   <div class='ocr_carea' id='block_1_1' title="bbox 262 453 986 526">
    <p class='ocr_par' dir='ltr' id='par_1_1' title="bbox 262 453 986 526">
     <span class='ocr_line' id='line_1_1' title="bbox 262 453 986 526; baseline 0.003 -8"><span class='ocrx_word' id='word_1_1' title='bbox 262 453 330 518; x_wconf 76' lang='lat'>256</span> <span class='ocrx_word' id='word_1_2' title='bbox 628 470 829 520; x_wconf 70' lang='lat' dir='ltr'>cremanus</span> <span class='ocrx_word' id='word_1_3' title='bbox 853 471 986 526; x_wconf 74' lang='lat' dir='ltr'>vanis,</span> 
     </span>
    </p>
   </div>
   <div class='ocr_carea' id='block_1_2' title="bbox 254 651 1364 3702">
    <p class='ocr_par' dir='ltr' id='par_1_2' title="bbox 254 651 1364 3702">
     <span class='ocr_line' id='line_1_2' title="bbox 262 651 1363 737; baseline 0.003 -22"><span class='ocrx_word' id='word_1_4' title='bbox 262 651 451 730; x_wconf 87' lang='lat' dir='ltr'>venientes,</span> <span class='ocrx_word' id='word_1_5' title='bbox 477 660 513 717; x_wconf 92' lang='lat' dir='ltr'>et</span> <span class='ocrx_word' id='word_1_6' title='bbox 531 653 670 716; x_wconf 90' lang='lat' dir='ltr'>domum</span> <span class='ocrx_word' id='word_1_7' title='bbox 704 652 884 737; x_wconf 89' lang='lat' dir='ltr'>cujusdam</span> <span class='ocrx_word' id='word_1_8' title='bbox 913 653 1079 735; x_wconf 81' lang='lat' dir='ltr'><strong>cauponis</strong></span> <span class='ocrx_word' id='word_1_9' title='bbox 1109 653 1277 718; x_wconf 88' lang='lat' dir='ltr'>violenter</span> <span class='ocrx_word' id='word_1_10' title='bbox 1307 655 1363 718; x_wconf 92' lang='lat' dir='ltr'>in·</span> 
     </span>
     <span class='ocr_line' id='line_1_3' title="bbox 261 751 1361 835; baseline 0.004 -21"><span class='ocrx_word' id='word_1_11' title='bbox 261 752 468 832; x_wconf 67' lang='lat' dir='ltr'><strong>gradientes,</strong></span> <span class='ocrx_word' id='word_1_12' title='bbox 503 771 587 816; x_wconf 88' lang='lat' dir='ltr'>vasa</span> <span class='ocrx_word' id='word_1_13' title='bbox 625 752 741 816; x_wconf 91' lang='lat' dir='ltr'>omnia</span> <span class='ocrx_word' id='word_1_14' title='bbox 775 751 908 817; x_wconf 87' lang='lat' dir='ltr'>vinalia</span> <span class='ocrx_word' id='word_1_15' title='bbox 946 753 1202 835; x_wconf 78' lang='lat' dir='ltr'>confringentes</span> <span class='ocrx_word' id='word_1_16' title='bbox 1242 754 1361 818; x_wconf 85' lang='lat' dir='ltr'>vinum</span> 
     </span>
     <span class='ocr_line' id='line_1_4' title="bbox 263 850 1362 935; baseline 0.003 -21"><span class='ocrx_word' id='word_1_17' title='bbox 263 869 326 932; x_wconf 91' lang='lat' dir='ltr'>per</span> <span class='ocrx_word' id='word_1_18' title='bbox 364 851 485 914; x_wconf 92' lang='lat' dir='ltr'>domus</span> <span class='ocrx_word' id='word_1_19' title='bbox 530 852 763 933; x_wconf 90' lang='lat' dir='ltr'>pavimentum</span> <span class='ocrx_word' id='word_1_20' title='bbox 805 850 1010 929; x_wconf 87' lang='lat' dir='ltr'>diffundunt,</span> <span class='ocrx_word' id='word_1_21' title='bbox 1054 860 1098 928; x_wconf 91' lang='lat' dir='ltr'>et,</span> <span class='ocrx_word' id='word_1_22' title='bbox 1136 853 1362 935; x_wconf 83' lang='lat' dir='ltr'>procedentes</span> 
     </span>
     <span class='ocr_line' id='line_1_5' title="bbox 261 941 1361 1033; baseline 0.005 -21"><span class='ocrx_word' id='word_1_23' title='bbox 261 968 324 1031; x_wconf 90' lang='lat' dir='ltr'>per</span> <span class='ocrx_word' id='word_1_24' title='bbox 344 941 490 1031; x_wconf 82' lang='lat' dir='ltr'>plateas,</span> <span class='ocrx_word' id='word_1_25' title='bbox 515 969 738 1033; x_wconf 89' lang='lat' dir='ltr'>quoscunque</span> <span class='ocrx_word' id='word_1_26' title='bbox 765 950 972 1014; x_wconf 89' lang='lat' dir='ltr'>invenerunt</span> <span class='ocrx_word' id='word_1_27' title='bbox 999 951 1091 1015; x_wconf 90' lang='lat' dir='ltr'>viros</span> <span class='ocrx_word' id='word_1_28' title='bbox 1118 959 1179 1015; x_wconf 89' lang='lat' dir='ltr'>aut</span> <span class='ocrx_word' id='word_1_29' title='bbox 1200 952 1361 1018; x_wconf 90' lang='lat' dir='ltr'>mulieres</span> 
     </span>
     <span class='ocr_line' id='line_1_6' title="bbox 262 1049 1363 1131; baseline 0.004 -21"><span class='ocrx_word' id='word_1_30' title='bbox 262 1049 388 1113; x_wconf 88' lang='lat' dir='ltr'>acriter</span> <span class='ocrx_word' id='word_1_31' title='bbox 418 1049 587 1113; x_wconf 86' lang='lat' dir='ltr'>invadunt</span> <span class='ocrx_word' id='word_1_32' title='bbox 617 1056 652 1112; x_wconf 93' lang='lat' dir='ltr'>et</span> <span class='ocrx_word' id='word_1_33' title='bbox 683 1049 797 1131; x_wconf 87' lang='lat' dir='ltr'>plagis</span> <span class='ocrx_word' id='word_1_34' title='bbox 833 1049 1003 1131; x_wconf 80' lang='lat' dir='ltr'><strong>impositis</strong></span> <span class='ocrx_word' id='word_1_35' title='bbox 1043 1051 1227 1114; x_wconf 86' lang='lat' dir='ltr'>semivivos</span> <span class='ocrx_word' id='word_1_36' title='bbox 1260 1051 1363 1115; x_wconf 91' lang='lat' dir='ltr'>relin-</span> 
     </span>
     <span class='ocr_line' id='line_1_7' title="bbox 262 1147 1360 1230; baseline 0.003 -19"><span class='ocrx_word' id='word_1_37' title='bbox 262 1156 384 1230; x_wconf 92' lang='lat' dir='ltr'>quunt.</span> <span class='ocrx_word' id='word_1_38' title='bbox 437 1147 538 1212; x_wconf 89' lang='lat' dir='ltr'>Prior</span> <span class='ocrx_word' id='word_1_39' title='bbox 561 1167 642 1212; x_wconf 90' lang='lat' dir='ltr'>vero</span> <span class='ocrx_word' id='word_1_40' title='bbox 662 1149 774 1212; x_wconf 89' lang='lat' dir='ltr'>sancti</span> <span class='ocrx_word' id='word_1_41' title='bbox 796 1147 967 1225; x_wconf 83' lang='lat' dir='ltr'>Marcelli,</span> <span class='ocrx_word' id='word_1_42' title='bbox 986 1169 1064 1213; x_wconf 92' lang='lat' dir='ltr'>cum</span> <span class='ocrx_word' id='word_1_43' title='bbox 1086 1156 1220 1214; x_wconf 91' lang='lat' dir='ltr'>tantam</span> <span class='ocrx_word' id='word_1_44' title='bbox 1248 1150 1360 1214; x_wconf 89' lang='lat' dir='ltr'>horni-</span> 
     </span>
     <span class='ocr_line' id='line_1_8' title="bbox 263 1247 1361 1338; baseline 0.005 -29"><span class='ocrx_word' id='word_1_45' title='bbox 263 1247 363 1311; x_wconf 85' lang='lat' dir='ltr'><strong>nibus</strong></span> <span class='ocrx_word' id='word_1_46' title='bbox 384 1247 544 1331; x_wconf 91' lang='lat' dir='ltr'>injuriam</span> <span class='ocrx_word' id='word_1_47' title='bbox 564 1248 782 1328; x_wconf 84' lang='lat' dir='ltr'>cognovisset</span> <span class='ocrx_word' id='word_1_48' title='bbox 800 1247 946 1324; x_wconf 89' lang='lat' dir='ltr'>illatam,</span> <span class='ocrx_word' id='word_1_49' title='bbox 960 1267 1048 1331; x_wconf 91' lang='lat' dir='ltr'>quos</span> <span class='ocrx_word' id='word_1_50' title='bbox 1065 1248 1246 1338; x_wconf 87' lang='lat' dir='ltr'>defendere</span> <span class='ocrx_word' id='word_1_51' title='bbox 1268 1257 1361 1314; x_wconf 91' lang='lat' dir='ltr'>tene-</span> 
     </span>
     <span class='ocr_line' id='line_1_9' title="bbox 263 1346 1362 1432; baseline 0.005 -24"><span class='ocrx_word' id='word_1_52' title='bbox 263 1346 377 1422; x_wconf 90' lang='lat' dir='ltr'>batur,</span> <span class='ocrx_word' id='word_1_53' title='bbox 399 1347 646 1429; x_wconf 91' lang='lat' dir='ltr'>querimoniam</span> <span class='ocrx_word' id='word_1_54' title='bbox 670 1366 787 1410; x_wconf 89' lang='lat' dir='ltr'>coram</span> <span class='ocrx_word' id='word_1_55' title='bbox 816 1346 977 1411; x_wconf 88' lang='lat' dir='ltr'>Romano</span> <span class='ocrx_word' id='word_1_56' title='bbox 1004 1347 1121 1428; x_wconf 86' lang='lat' dir='ltr'>legato</span> <span class='ocrx_word' id='word_1_57' title='bbox 1143 1356 1178 1411; x_wconf 91' lang='lat' dir='ltr'>et</span> <span class='ocrx_word' id='word_1_58' title='bbox 1200 1348 1362 1432; x_wconf 89' lang='lat' dir='ltr'>episcopo</span> 
     </span>
     <span class='ocr_line' id='line_1_10' title="bbox 264 1443 1360 1528; baseline 0.005 -21"><span class='ocrx_word' id='word_1_59' title='bbox 264 1443 494 1509; x_wconf 89' lang='lat' dir='ltr'>Parisiacensi</span> <span class='ocrx_word' id='word_1_60' title='bbox 518 1445 702 1528; x_wconf 84' lang='lat' dir='ltr'>deposuit3</span> <span class='ocrx_word' id='word_1_61' title='bbox 730 1445 789 1528; x_wconf 91' lang='lat' dir='ltr'>qui</span> <span class='ocrx_word' id='word_1_62' title='bbox 817 1445 919 1508; x_wconf 91' lang='lat' dir='ltr'>simul</span> <span class='ocrx_word' id='word_1_63' title='bbox 944 1445 988 1509; x_wconf 93' lang='lat' dir='ltr'>ad</span> <span class='ocrx_word' id='word_1_64' title='bbox 1009 1446 1174 1527; x_wconf 89' lang='lat' dir='ltr'>reginam,</span> <span class='ocrx_word' id='word_1_65' title='bbox 1197 1449 1253 1511; x_wconf 92' lang='lat' dir='ltr'>cui</span> <span class='ocrx_word' id='word_1_66' title='bbox 1277 1455 1360 1512; x_wconf 93' lang='lat' dir='ltr'>tunc</span> 
     </span>
     <span class='ocr_line' id='line_1_11' title="bbox 263 1544 1364 1628; baseline 0.005 -22"><span class='ocrx_word' id='word_1_67' title='bbox 263 1544 362 1626; x_wconf 86' lang='lat' dir='ltr'>regni</span> <span class='ocrx_word' id='word_1_68' title='bbox 385 1545 566 1627; x_wconf 89' lang='lat' dir='ltr'>dispositio</span> <span class='ocrx_word' id='word_1_69' title='bbox 587 1545 770 1609; x_wconf 85' lang='lat' dir='ltr'>commissa</span> <span class='ocrx_word' id='word_1_70' title='bbox 793 1544 917 1620; x_wconf 90' lang='lat' dir='ltr'>fuerat,</span> <span class='ocrx_word' id='word_1_71' title='bbox 940 1554 1164 1627; x_wconf 83' lang='lat' dir='ltr'>properantes</span> <span class='ocrx_word' id='word_1_72' title='bbox 1190 1548 1364 1628; x_wconf 83' lang='lat' dir='ltr'>rogabant</span> 
     </span>
     <span class='ocr_line' id='line_1_12' title="bbox 263 1642 1362 1728; baseline 0.004 -22"><span class='ocrx_word' id='word_1_73' title='bbox 263 1663 339 1706; x_wconf 91' lang='lat' dir='ltr'>eam</span> <span class='ocrx_word' id='word_1_74' title='bbox 367 1651 407 1707; x_wconf 92' lang='lat' dir='ltr'>ut</span> <span class='ocrx_word' id='word_1_75' title='bbox 436 1643 539 1708; x_wconf 91' lang='lat' dir='ltr'>talem</span> <span class='ocrx_word' id='word_1_76' title='bbox 568 1643 730 1728; x_wconf 89' lang='lat' dir='ltr'>injuriam</span> <span class='ocrx_word' id='word_1_77' title='bbox 758 1643 961 1725; x_wconf 86' lang='lat' dir='ltr'>praeciperet</span> <span class='ocrx_word' id='word_1_78' title='bbox 985 1643 1163 1709; x_wconf 88' lang='lat' dir='ltr'>vindicari.</span> <span class='ocrx_word' id='word_1_79' title='bbox 1214 1642 1265 1708; x_wconf 93' lang='lat' dir='ltr'>At</span> <span class='ocrx_word' id='word_1_80' title='bbox 1288 1646 1362 1723; x_wconf 87' lang='lat' dir='ltr'>illa,</span> 
     </span>
     <span class='ocr_line' id='line_1_13' title="bbox 262 1741 1361 1824; baseline 0.002 -18"><span class='ocrx_word' id='word_1_81' title='bbox 262 1742 420 1807; x_wconf 88' lang='lat' dir='ltr'>muliebri</span> <span class='ocrx_word' id='word_1_82' title='bbox 450 1743 662 1824; x_wconf 83' lang='lat' dir='ltr'>procacitate</span> <span class='ocrx_word' id='word_1_83' title='bbox 690 1741 793 1805; x_wconf 88' lang='lat' dir='ltr'>simul</span> <span class='ocrx_word' id='word_1_84' title='bbox 829 1747 865 1805; x_wconf 89' lang='lat' dir='ltr'>et</span> <span class='ocrx_word' id='word_1_85' title='bbox 896 1742 1026 1824; x_wconf 91' lang='lat' dir='ltr'>impetu</span> <span class='ocrx_word' id='word_1_86' title='bbox 1058 1744 1182 1808; x_wconf 90' lang='lat' dir='ltr'>mentis</span> <span class='ocrx_word' id='word_1_87' title='bbox 1213 1743 1361 1824; x_wconf 84' lang='lat' dir='ltr'>agitata,</span> 
     </span>
     <span class='ocr_line' id='line_1_14' title="bbox 262 1840 1362 1924; baseline 0.002 -19"><span class='ocrx_word' id='word_1_88' title='bbox 262 1841 457 1924; x_wconf 86' lang='lat' dir='ltr'>praepositis</span> <span class='ocrx_word' id='word_1_89' title='bbox 486 1842 637 1905; x_wconf 88' lang='lat' dir='ltr'>civitatis</span> <span class='ocrx_word' id='word_1_90' title='bbox 665 1849 701 1905; x_wconf 91' lang='lat' dir='ltr'>et</span> <span class='ocrx_word' id='word_1_91' title='bbox 732 1840 938 1922; x_wconf 85' lang='lat' dir='ltr'>quibusdam</span> <span class='ocrx_word' id='word_1_92' title='bbox 969 1843 1132 1923; x_wconf 87' lang='lat' dir='ltr'>ruptariis</span> <span class='ocrx_word' id='word_1_93' title='bbox 1160 1843 1231 1905; x_wconf 89' lang='lat' dir='ltr'>suis</span> <span class='ocrx_word' id='word_1_94' title='bbox 1266 1843 1362 1908; x_wconf 91' lang='lat' dir='ltr'>dedit</span> 
     </span>
     <span class='ocr_line' id='line_1_15' title="bbox 262 1939 1361 2018; baseline 0.002 -14"><span class='ocrx_word' id='word_1_95' title='bbox 262 1940 357 2005; x_wconf 92' lang='lat' dir='ltr'>illico</span> <span class='ocrx_word' id='word_1_96' title='bbox 386 1940 422 2003; x_wconf 91' lang='lat' dir='ltr'>in</span> <span class='ocrx_word' id='word_1_97' title='bbox 450 1940 635 2014; x_wconf 87' lang='lat' dir='ltr'>mandatis,</span> <span class='ocrx_word' id='word_1_98' title='bbox 664 1947 704 2003; x_wconf 92' lang='lat' dir='ltr'>ut</span> <span class='ocrx_word' id='word_1_99' title='bbox 730 1940 795 2002; x_wconf 89' lang='lat' dir='ltr'>sub</span> <span class='ocrx_word' id='word_1_100' title='bbox 822 1940 915 2003; x_wconf 93' lang='lat' dir='ltr'>omni</span> <span class='ocrx_word' id='word_1_101' title='bbox 942 1939 1117 2004; x_wconf 90' lang='lat' dir='ltr'>celeritate</span> <span class='ocrx_word' id='word_1_102' title='bbox 1148 1942 1284 2018; x_wconf 86' lang='lat' dir='ltr'>armati,</span> <span class='ocrx_word' id='word_1_103' title='bbox 1316 1944 1361 2006; x_wconf 93' lang='lat' dir='ltr'>ab</span> 
     </span>
     <span class='ocr_line' id='line_1_16' title="bbox 262 2038 1361 2123; baseline 0.002 -21"><span class='ocrx_word' id='word_1_104' title='bbox 262 2041 347 2103; x_wconf 89' lang='lat' dir='ltr'>urbe</span> <span class='ocrx_word' id='word_1_105' title='bbox 370 2048 549 2116; x_wconf 87' lang='lat' dir='ltr'>exeuntes,</span> <span class='ocrx_word' id='word_1_106' title='bbox 574 2038 678 2123; x_wconf 80' lang='lat' dir='ltr'>huJus</span> <span class='ocrx_word' id='word_1_107' title='bbox 703 2038 878 2103; x_wconf 86' lang='lat' dir='ltr'>violentiae</span> <span class='ocrx_word' id='word_1_108' title='bbox 908 2046 1078 2116; x_wconf 77' lang='lat' dir='ltr'>auctoreS,</span> <span class='ocrx_word' id='word_1_109' title='bbox 1102 2039 1189 2103; x_wconf 89' lang='lat' dir='ltr'>nulli</span> <span class='ocrx_word' id='word_1_110' title='bbox 1216 2058 1361 2123; x_wconf 89' lang='lat' dir='ltr'>parcen-</span> 
     </span>
     <span class='ocr_line' id='line_1_17' title="bbox 262 2137 1359 2221; baseline 0.002 -19"><span class='ocrx_word' id='word_1_111' title='bbox 262 2145 328 2214; x_wconf 88' lang='lat' dir='ltr'>tes,</span> <span class='ocrx_word' id='word_1_112' title='bbox 352 2139 524 2221; x_wconf 88' lang='lat' dir='ltr'>punirent.</span> <span class='ocrx_word' id='word_1_113' title='bbox 575 2137 634 2201; x_wconf 92' lang='lat' dir='ltr'>Illi</span> <span class='ocrx_word' id='word_1_114' title='bbox 659 2145 786 2214; x_wconf 90' lang='lat' dir='ltr'>autem,</span> <span class='ocrx_word' id='word_1_115' title='bbox 815 2138 875 2220; x_wconf 92' lang='lat' dir='ltr'>qui</span> <span class='ocrx_word' id='word_1_116' title='bbox 899 2138 1000 2220; x_wconf 87' lang='lat' dir='ltr'>proni</span> <span class='ocrx_word' id='word_1_117' title='bbox 1025 2145 1124 2202; x_wconf 91' lang='lat' dir='ltr'>erant</span> <span class='ocrx_word' id='word_1_118' title='bbox 1154 2138 1198 2201; x_wconf 86' lang='lat' dir='ltr'>ad</span> <span class='ocrx_word' id='word_1_119' title='bbox 1223 2159 1359 2204; x_wconf 90' lang='lat' dir='ltr'>omnem</span> 
     </span>
     <span class='ocr_line' id='line_1_18' title="bbox 262 2236 1360 2320; baseline 0.002 -19"><span class='ocrx_word' id='word_1_120' title='bbox 262 2237 499 2302; x_wconf 88' lang='lat' dir='ltr'>crudelitatem</span> <span class='ocrx_word' id='word_1_121' title='bbox 532 2236 800 2320; x_wconf 85' lang='lat' dir='ltr'>exsequendam,</span> <span class='ocrx_word' id='word_1_122' title='bbox 826 2244 945 2318; x_wconf 89' lang='lat' dir='ltr'>portas</span> <span class='ocrx_word' id='word_1_123' title='bbox 971 2237 1123 2302; x_wconf 88' lang='lat' dir='ltr'>civitatis</span> <span class='ocrx_word' id='word_1_124' title='bbox 1151 2257 1228 2301; x_wconf 91' lang='lat' dir='ltr'>cum</span> <span class='ocrx_word' id='word_1_125' title='bbox 1254 2241 1360 2303; x_wconf 87' lang='lat' dir='ltr'>armis</span> 
     </span>
     <span class='ocr_line' id='line_1_19' title="bbox 261 2336 1360 2418; baseline 0.002 -18"><span class='ocrx_word' id='word_1_126' title='bbox 261 2337 392 2418; x_wconf 88' lang='lat' dir='ltr'>egressi</span> <span class='ocrx_word' id='word_1_127' title='bbox 418 2337 623 2401; x_wconf 88' lang='lat' dir='ltr'>invenerunt</span> <span class='ocrx_word' id='word_1_128' title='bbox 652 2342 754 2399; x_wconf 84' lang='lat' dir='ltr'>extra</span> <span class='ocrx_word' id='word_1_129' title='bbox 782 2337 877 2399; x_wconf 91' lang='lat' dir='ltr'>urbis</span> <span class='ocrx_word' id='word_1_130' title='bbox 908 2336 1036 2399; x_wconf 89' lang='lat' dir='ltr'>moeuia</span> <span class='ocrx_word' id='word_1_131' title='bbox 1063 2336 1206 2400; x_wconf 91' lang='lat' dir='ltr'>clericos</span> <span class='ocrx_word' id='word_1_132' title='bbox 1231 2337 1360 2402; x_wconf 90' lang='lat' dir='ltr'>multos</span> 
     </span>
     <span class='ocr_line' id='line_1_20' title="bbox 262 2434 1358 2518; baseline 0.002 -20"><span class='ocrx_word' id='word_1_133' title='bbox 262 2435 351 2499; x_wconf 90' lang='lat' dir='ltr'>ludis</span> <span class='ocrx_word' id='word_1_134' title='bbox 368 2435 599 2511; x_wconf 86' lang='lat' dir='ltr'>intendentes,</span> <span class='ocrx_word' id='word_1_135' title='bbox 621 2435 681 2517; x_wconf 94' lang='lat' dir='ltr'>qui</span> <span class='ocrx_word' id='word_1_136' title='bbox 703 2435 738 2497; x_wconf 93' lang='lat' dir='ltr'>in</span> <span class='ocrx_word' id='word_1_137' title='bbox 754 2434 920 2499; x_wconf 86' lang='lat' dir='ltr'>violentia</span> <span class='ocrx_word' id='word_1_138' title='bbox 943 2435 1090 2516; x_wconf 85' lang='lat' dir='ltr'>praefata</span> <span class='ocrx_word' id='word_1_139' title='bbox 1111 2436 1240 2499; x_wconf 90' lang='lat' dir='ltr'>nullam</span> <span class='ocrx_word' id='word_1_140' title='bbox 1259 2439 1358 2518; x_wconf 88' lang='lat' dir='ltr'>peni·</span> 
     </span>
     <span class='ocr_line' id='line_1_21' title="bbox 260 2533 1361 2615; baseline 0.001 -16"><span class='ocrx_word' id='word_1_141' title='bbox 260 2542 318 2599; x_wconf 91' lang='lat' dir='ltr'>tus</span> <span class='ocrx_word' id='word_1_142' title='bbox 333 2535 470 2615; x_wconf 89' lang='lat' dir='ltr'>culpam</span> <span class='ocrx_word' id='word_1_143' title='bbox 486 2534 690 2598; x_wconf 85' lang='lat' dir='ltr'>babuerunt.</span> <span class='ocrx_word' id='word_1_144' title='bbox 729 2533 801 2612; x_wconf 86' lang='lat' dir='ltr'>Qui</span> <span class='ocrx_word' id='word_1_145' title='bbox 815 2534 903 2596; x_wconf 89' lang='lat' dir='ltr'>enim</span> <span class='ocrx_word' id='word_1_146' title='bbox 922 2534 1141 2598; x_wconf 92' lang='lat' dir='ltr'>seminarium</span> <span class='ocrx_word' id='word_1_147' title='bbox 1155 2536 1361 2600; x_wconf 89' lang='lat' dir='ltr'>tumultuosi</span> 
     </span>
     <span class='ocr_line' id='line_1_22' title="bbox 260 2632 1360 2715; baseline 0.001 -19"><span class='ocrx_word' id='word_1_148' title='bbox 260 2633 458 2696; x_wconf 90' lang='lat' dir='ltr'>certaminis</span> <span class='ocrx_word' id='word_1_149' title='bbox 473 2639 655 2696; x_wconf 89' lang='lat' dir='ltr'>moverunt</span> <span class='ocrx_word' id='word_1_150' title='bbox 673 2640 772 2696; x_wconf 90' lang='lat' dir='ltr'>eraut</span> <span class='ocrx_word' id='word_1_151' title='bbox 788 2632 832 2695; x_wconf 92' lang='lat' dir='ltr'>de</span> <span class='ocrx_word' id='word_1_152' title='bbox 847 2633 1003 2715; x_wconf 89' lang='lat' dir='ltr'>partibus</span> <span class='ocrx_word' id='word_1_153' title='bbox 1018 2634 1237 2698; x_wconf 88' lang='lat' dir='ltr'>conterminis</span> <span class='ocrx_word' id='word_1_154' title='bbox 1256 2634 1360 2698; x_wconf 85' lang='lat' dir='ltr'>Flan-</span> 
     </span>
     <span class='ocr_line' id='line_1_23' title="bbox 259 2730 1357 2813; baseline 0.004 -19"><span class='ocrx_word' id='word_1_155' title='bbox 259 2731 356 2807; x_wconf 84' lang='lat' dir='ltr'>driae,</span> <span class='ocrx_word' id='word_1_156' title='bbox 384 2750 471 2813; x_wconf 90' lang='lat' dir='ltr'>quos</span> <span class='ocrx_word' id='word_1_157' title='bbox 495 2730 685 2812; x_wconf 85' lang='lat' dir='ltr'>vulgariter</span> <span class='ocrx_word' id='word_1_158' title='bbox 714 2730 881 2795; x_wconf 89' lang='lat' dir='ltr'>Picardos</span> <span class='ocrx_word' id='word_1_159' title='bbox 906 2733 1134 2797; x_wconf 89' lang='lat' dir='ltr'>nominamus.</span> <span class='ocrx_word' id='word_1_160' title='bbox 1186 2732 1266 2809; x_wconf 91' lang='lat' dir='ltr'>Sed,</span> <span class='ocrx_word' id='word_1_161' title='bbox 1289 2733 1357 2798; x_wconf 92' lang='lat' dir='ltr'>hoc</span> 
     </span>
     <span class='ocr_line' id='line_1_24' title="bbox 259 2829 1355 2915; baseline 0.002 -20"><span class='ocrx_word' id='word_1_162' title='bbox 259 2850 330 2896; x_wconf 90' lang='lat' dir='ltr'>nou</span> <span class='ocrx_word' id='word_1_163' title='bbox 359 2832 530 2906; x_wconf 88' lang='lat' dir='ltr'>obstante,</span> <span class='ocrx_word' id='word_1_164' title='bbox 557 2829 697 2894; x_wconf 87' lang='lat' dir='ltr'>lictores</span> <span class='ocrx_word' id='word_1_165' title='bbox 724 2830 760 2893; x_wconf 93' lang='lat' dir='ltr'>in</span> <span class='ocrx_word' id='word_1_166' title='bbox 788 2848 848 2893; x_wconf 91' lang='lat' dir='ltr'>eos</span> <span class='ocrx_word' id='word_1_167' title='bbox 881 2829 1059 2908; x_wconf 88' lang='lat' dir='ltr'>irruentes,</span> <span class='ocrx_word' id='word_1_168' title='bbox 1087 2851 1175 2915; x_wconf 89' lang='lat' dir='ltr'>quos</span> <span class='ocrx_word' id='word_1_169' title='bbox 1205 2833 1355 2897; x_wconf 89' lang='lat' dir='ltr'>inermes</span> 
     </span>
     <span class='ocr_line' id='line_1_25' title="bbox 259 2928 1358 3006; baseline 0.003 -14"><span class='ocrx_word' id='word_1_170' title='bbox 259 2930 419 2993; x_wconf 84' lang='lat' dir='ltr'>viderant</span> <span class='ocrx_word' id='word_1_171' title='bbox 443 2935 479 2992; x_wconf 92' lang='lat' dir='ltr'>et</span> <span class='ocrx_word' id='word_1_172' title='bbox 504 2929 715 3005; x_wconf 92' lang='lat' dir='ltr'>innocentes,</span> <span class='ocrx_word' id='word_1_173' title='bbox 744 2928 831 2993; x_wconf 93' lang='lat' dir='ltr'>alios</span> <span class='ocrx_word' id='word_1_174' title='bbox 857 2930 1068 3006; x_wconf 89' lang='lat' dir='ltr'>occiderunt,</span> <span class='ocrx_word' id='word_1_175' title='bbox 1090 2931 1177 2994; x_wconf 91' lang='lat' dir='ltr'>alios</span> <span class='ocrx_word' id='word_1_176' title='bbox 1196 2931 1358 2995; x_wconf 83' lang='lat' dir='ltr'>vulnera·</span> 
     </span>
     <span class='ocr_line' id='line_1_26' title="bbox 259 3027 1357 3112; baseline 0.001 -19"><span class='ocrx_word' id='word_1_177' title='bbox 259 3035 396 3106; x_wconf 84' lang='lat' dir='ltr'>verunt,</span> <span class='ocrx_word' id='word_1_178' title='bbox 416 3035 520 3112; x_wconf 85' lang='lat' dir='ltr'>atque</span> <span class='ocrx_word' id='word_1_179' title='bbox 535 3027 623 3092; x_wconf 89' lang='lat' dir='ltr'>alios</span> <span class='ocrx_word' id='word_1_180' title='bbox 638 3027 752 3110; x_wconf 89' lang='lat' dir='ltr'>plagis</span> <span class='ocrx_word' id='word_1_181' title='bbox 776 3028 947 3110; x_wconf 89' lang='lat' dir='ltr'>impositis</span> <span class='ocrx_word' id='word_1_182' title='bbox 971 3029 1159 3111; x_wconf 87' lang='lat' dir='ltr'>spoliantes</span> <span class='ocrx_word' id='word_1_183' title='bbox 1175 3030 1357 3094; x_wconf 90' lang='lat' dir='ltr'>immiseri-</span> 
     </span>
     <span class='ocr_line' id='line_1_27' title="bbox 258 3127 1356 3211; baseline 0 -19"><span class='ocrx_word' id='word_1_184' title='bbox 258 3129 407 3192; x_wconf 88' lang='lat' dir='ltr'>corditer</span> <span class='ocrx_word' id='word_1_185' title='bbox 429 3134 688 3205; x_wconf 84' lang='lat' dir='ltr'>tractaverunt3</span> <span class='ocrx_word' id='word_1_186' title='bbox 724 3127 864 3210; x_wconf 86' lang='lat' dir='ltr'>quidam</span> <span class='ocrx_word' id='word_1_187' title='bbox 893 3147 975 3192; x_wconf 87' lang='lat' dir='ltr'>vero</span> <span class='ocrx_word' id='word_1_188' title='bbox 1002 3148 1046 3191; x_wconf 87' lang='lat' dir='ltr'>ex</span> <span class='ocrx_word' id='word_1_189' title='bbox 1074 3129 1124 3191; x_wconf 88' lang='lat' dir='ltr'>eis</span> <span class='ocrx_word' id='word_1_190' title='bbox 1152 3128 1356 3211; x_wconf 90' lang='lat' dir='ltr'>perfugam</span> 
     </span>
     <span class='ocr_line' id='line_1_28' title="bbox 257 3225 1356 3293; baseline 0.003 -3"><span class='ocrx_word' id='word_1_191' title='bbox 257 3227 442 3292; x_wconf 87' lang='lat' dir='ltr'>eradentes</span> <span class='ocrx_word' id='word_1_192' title='bbox 459 3227 495 3290; x_wconf 94' lang='lat' dir='ltr'>in</span> <span class='ocrx_word' id='word_1_193' title='bbox 512 3227 623 3291; x_wconf 88' lang='lat' dir='ltr'>vineis</span> <span class='ocrx_word' id='word_1_194' title='bbox 640 3233 676 3289; x_wconf 91' lang='lat' dir='ltr'>et</span> <span class='ocrx_word' id='word_1_195' title='bbox 697 3226 854 3290; x_wconf 84' lang='lat' dir='ltr'>cavernis</span> <span class='ocrx_word' id='word_1_196' title='bbox 867 3225 1062 3291; x_wconf 89' lang='lat' dir='ltr'>latitabant.</span> <span class='ocrx_word' id='word_1_197' title='bbox 1115 3225 1257 3291; x_wconf 90' lang='lat' dir='ltr'>Iuventi</span> <span class='ocrx_word' id='word_1_198' title='bbox 1272 3236 1356 3293; x_wconf 90' lang='lat' dir='ltr'>sunt</span> 
     </span>
     <span class='ocr_line' id='line_1_29' title="bbox 254 3324 1353 3407; baseline -0.001 -16"><span class='ocrx_word' id='word_1_199' title='bbox 254 3335 370 3391; x_wconf 88' lang='lat' dir='ltr'>autem</span> <span class='ocrx_word' id='word_1_200' title='bbox 398 3327 489 3389; x_wconf 91' lang='lat' dir='ltr'>inter</span> <span class='ocrx_word' id='word_1_201' title='bbox 516 3325 715 3389; x_wconf 85' lang='lat' dir='ltr'>vulneratos</span> <span class='ocrx_word' id='word_1_202' title='bbox 744 3325 813 3388; x_wconf 92' lang='lat' dir='ltr'>duo</span> <span class='ocrx_word' id='word_1_203' title='bbox 847 3324 961 3389; x_wconf 88' lang='lat' dir='ltr'>clerici</span> <span class='ocrx_word' id='word_1_204' title='bbox 993 3325 1117 3388; x_wconf 88' lang='lat' dir='ltr'>divites</span> <span class='ocrx_word' id='word_1_205' title='bbox 1150 3333 1187 3389; x_wconf 91' lang='lat' dir='ltr'>et</span> <span class='ocrx_word' id='word_1_206' title='bbox 1216 3345 1353 3407; x_wconf 83' lang='lat' dir='ltr'>magnae</span> 
     </span>
     <span class='ocr_line' id='line_1_30' title="bbox 256 3423 1355 3507; baseline -0.001 -18"><span class='ocrx_word' id='word_1_207' title='bbox 256 3425 473 3490; x_wconf 89' lang='lat' dir='ltr'>auctoritatis</span> <span class='ocrx_word' id='word_1_208' title='bbox 502 3423 684 3500; x_wconf 90' lang='lat' dir='ltr'>interfecti,</span> <span class='ocrx_word' id='word_1_209' title='bbox 704 3443 851 3507; x_wconf 91' lang='lat' dir='ltr'>quorum</span> <span class='ocrx_word' id='word_1_210' title='bbox 877 3443 966 3487; x_wconf 92' lang='lat' dir='ltr'>uuus</span> <span class='ocrx_word' id='word_1_211' title='bbox 992 3430 1067 3487; x_wconf 89' lang='lat' dir='ltr'>erat</span> <span class='ocrx_word' id='word_1_212' title='bbox 1092 3443 1217 3505; x_wconf 88' lang='lat' dir='ltr'>genere</span> <span class='ocrx_word' id='word_1_213' title='bbox 1247 3424 1355 3489; x_wconf 89' lang='lat' dir='ltr'>Flan-</span> 
     </span>
     <span class='ocr_line' id='line_1_31' title="bbox 255 3513 1351 3606; baseline 0 -18"><span class='ocrx_word' id='word_1_214' title='bbox 255 3513 402 3599; x_wconf 87' lang='lat' dir='ltr'>drcusis,</span> <span class='ocrx_word' id='word_1_215' title='bbox 431 3530 468 3586; x_wconf 91' lang='lat' dir='ltr'>et</span> <span class='ocrx_word' id='word_1_216' title='bbox 500 3522 590 3586; x_wconf 90' lang='lat' dir='ltr'>alius</span> <span class='ocrx_word' id='word_1_217' title='bbox 620 3522 757 3586; x_wconf 89' lang='lat' dir='ltr'>natione</span> <span class='ocrx_word' id='word_1_218' title='bbox 795 3521 1028 3586; x_wconf 90' lang='lat' dir='ltr'>Normannus.</span> <span class='ocrx_word' id='word_1_219' title='bbox 1085 3522 1205 3606; x_wconf 88' lang='lat' dir='ltr'>Hujus</span> <span class='ocrx_word' id='word_1_220' title='bbox 1234 3532 1351 3588; x_wconf 90' lang='lat' dir='ltr'>autem</span> 
     </span>
     <span class='ocr_line' id='line_1_32' title="bbox 255 3619 1353 3702; baseline 0.001 -17"><span class='ocrx_word' id='word_1_221' title='bbox 255 3619 539 3702; x_wconf 89' lang='lat' dir='ltr'>transgressionis</span> <span class='ocrx_word' id='word_1_222' title='bbox 570 3621 755 3684; x_wconf 86' lang='lat' dir='ltr'>enormitas</span> <span class='ocrx_word' id='word_1_223' title='bbox 787 3640 866 3684; x_wconf 89' lang='lat' dir='ltr'>cum</span> <span class='ocrx_word' id='word_1_224' title='bbox 898 3621 942 3684; x_wconf 93' lang='lat' dir='ltr'>ad</span> <span class='ocrx_word' id='word_1_225' title='bbox 974 3639 1074 3684; x_wconf 90' lang='lat' dir='ltr'>aures</span> <span class='ocrx_word' id='word_1_226' title='bbox 1109 3623 1353 3702; x_wconf 86' lang='lat' dir='ltr'>magistrorum</span> 
     </span>
    </p>
   </div>
   <div class='ocr_carea' id='block_1_3' title="bbox 255 3719 1358 4298">
    <p class='ocr_par' dir='ltr' id='par_1_3' title="bbox 255 3719 1358 4298">
     <span class='ocr_line' id='line_1_33' title="bbox 256 3719 1357 3804; baseline 0.001 -20"><span class='ocrx_word' id='word_1_227' title='bbox 256 3719 492 3785; x_wconf 86' lang='lat' dir='ltr'>universitatis</span> <span class='ocrx_word' id='word_1_228' title='bbox 524 3719 750 3800; x_wconf 85' lang='lat' dir='ltr'>pervenisset,</span> <span class='ocrx_word' id='word_1_229' title='bbox 781 3727 1014 3784; x_wconf 89' lang='lat' dir='ltr'>convenerunt</span> <span class='ocrx_word' id='word_1_230' title='bbox 1048 3737 1166 3783; x_wconf 89' lang='lat' dir='ltr'>omnes</span> <span class='ocrx_word' id='word_1_231' title='bbox 1195 3721 1233 3782; x_wconf 95' lang='lat' dir='ltr'>in</span> <span class='ocrx_word' id='word_1_232' title='bbox 1265 3740 1357 3804; x_wconf 88' lang='lat' dir='ltr'>prae·</span> 
     </span>
     <span class='ocr_line' id='line_1_34' title="bbox 257 3816 1358 3900; baseline 0.001 -17"><span class='ocrx_word' id='word_1_233' title='bbox 257 3819 370 3883; x_wconf 90' lang='lat' dir='ltr'>sentia</span> <span class='ocrx_word' id='word_1_234' title='bbox 393 3817 522 3898; x_wconf 84' lang='lat' dir='ltr'>reginae</span> <span class='ocrx_word' id='word_1_235' title='bbox 547 3825 583 3879; x_wconf 91' lang='lat' dir='ltr'>et</span> <span class='ocrx_word' id='word_1_236' title='bbox 610 3816 728 3898; x_wconf 89' lang='lat' dir='ltr'>legati,</span> <span class='ocrx_word' id='word_1_237' title='bbox 759 3818 935 3899; x_wconf 89' lang='lat' dir='ltr'>suspensis</span> <span class='ocrx_word' id='word_1_238' title='bbox 960 3819 1056 3900; x_wconf 87' lang='lat' dir='ltr'>prius</span> <span class='ocrx_word' id='word_1_239' title='bbox 1088 3817 1292 3883; x_wconf 90' lang='lat' dir='ltr'>lectionibus</span> <span class='ocrx_word' id='word_1_240' title='bbox 1321 3828 1358 3884; x_wconf 91' lang='lat' dir='ltr'>et</span> 
     </span>
     <span class='ocr_line' id='line_1_35' title="bbox 257 3915 1356 4000; baseline 0.001 -19"><span class='ocrx_word' id='word_1_241' title='bbox 257 3917 548 4000; x_wconf 88' lang='lat' dir='ltr'>disputationibus</span> <span class='ocrx_word' id='word_1_242' title='bbox 580 3915 831 3992; x_wconf 89' lang='lat' dir='ltr'>universaliter,</span> <span class='ocrx_word' id='word_1_243' title='bbox 861 3916 1031 3980; x_wconf 89' lang='lat' dir='ltr'>instanter</span> <span class='ocrx_word' id='word_1_244' title='bbox 1066 3917 1283 3998; x_wconf 91' lang='lat' dir='ltr'>postulantes</span> <span class='ocrx_word' id='word_1_245' title='bbox 1312 3918 1356 3982; x_wconf 91' lang='lat' dir='ltr'>de</span> 
     </span>
     <span class='ocr_line' id='line_1_36' title="bbox 258 4014 1356 4099; baseline 0 -19"><span class='ocrx_word' id='word_1_246' title='bbox 258 4017 321 4080; x_wconf 85' lang='lat' dir='ltr'>tuli</span> <span class='ocrx_word' id='word_1_247' title='bbox 343 4015 471 4099; x_wconf 85' lang='lat' dir='ltr'>injuria</span> <span class='ocrx_word' id='word_1_248' title='bbox 492 4014 558 4078; x_wconf 87' lang='lat' dir='ltr'>sibi</span> <span class='ocrx_word' id='word_1_249' title='bbox 577 4014 749 4098; x_wconf 89' lang='lat' dir='ltr'>justitiam</span> <span class='ocrx_word' id='word_1_250' title='bbox 771 4015 946 4094; x_wconf 83' lang='lat' dir='ltr'>exbiberi3</span> <span class='ocrx_word' id='word_1_251' title='bbox 971 4015 1149 4096; x_wconf 87' lang='lat' dir='ltr'>indignum</span> <span class='ocrx_word' id='word_1_252' title='bbox 1171 4017 1262 4080; x_wconf 89' lang='lat' dir='ltr'>enim</span> <span class='ocrx_word' id='word_1_253' title='bbox 1288 4017 1356 4080; x_wconf 91' lang='lat' dir='ltr'>sibi</span> 
     </span>
     <span class='ocr_line' id='line_1_37' title="bbox 255 4111 1349 4196; baseline 0 -17"><span class='ocrx_word' id='word_1_254' title='bbox 255 4114 448 4190; x_wconf 82' lang='lat' dir='ltr'>videbatur,</span> <span class='ocrx_word' id='word_1_255' title='bbox 468 4113 570 4196; x_wconf 89' lang='lat' dir='ltr'>quod,</span> <span class='ocrx_word' id='word_1_256' title='bbox 595 4120 666 4177; x_wconf 91' lang='lat' dir='ltr'>tam</span> <span class='ocrx_word' id='word_1_257' title='bbox 690 4111 758 4178; x_wconf 88' lang='lat' dir='ltr'>levi</span> <span class='ocrx_word' id='word_1_258' title='bbox 786 4120 890 4177; x_wconf 88' lang='lat' dir='ltr'>nacta</span> <span class='ocrx_word' id='word_1_259' title='bbox 914 4115 1107 4190; x_wconf 84' lang='lat' dir='ltr'>occasione,</span> <span class='ocrx_word' id='word_1_260' title='bbox 1133 4114 1349 4196; x_wconf 87' lang='lat' dir='ltr'>quorundam</span> 
     </span>
     <span class='ocr_line' id='line_1_38' title="bbox 255 4212 1354 4298; baseline 0 -20"><span class='ocrx_word' id='word_1_261' title='bbox 255 4212 563 4295; x_wconf 87' lang='lat' dir='ltr'>contemptibilium</span> <span class='ocrx_word' id='word_1_262' title='bbox 592 4212 829 4277; x_wconf 88' lang='lat' dir='ltr'>clericulorum</span> <span class='ocrx_word' id='word_1_263' title='bbox 862 4213 1091 4294; x_wconf 85' lang='lat' dir='ltr'>transgressio</span> <span class='ocrx_word' id='word_1_264' title='bbox 1120 4213 1156 4275; x_wconf 93' lang='lat' dir='ltr'>in</span> <span class='ocrx_word' id='word_1_265' title='bbox 1187 4213 1354 4298; x_wconf 87' lang='lat' dir='ltr'>praejudi-</span> 
     </span>
    </p>
   </div>
   <div class='ocr_carea' id='block_1_4' title="bbox 0 0 1580 4992">
    <p class='ocr_par' dir='ltr' id='par_1_4' title="bbox 0 0 1580 4992">
     <span class='ocr_line' id='line_1_39' title="bbox 0 0 1580 4992; baseline 0 0"><span class='ocrx_word' id='word_1_266' title='bbox 0 0 1580 4992; x_wconf 95' lang='lat' dir='ltr'> </span> 
     </span>
    </p>
   </div>
  </div>
 </body>
</html>
