3150 4992
613 472 813 525 nnerronns
839 476 971 526 vnnrn„
1298 456 1343 526 67

236 692 241 698 -
285 656 467 722 causarum
487 653 713 736 varietatibris'
734 655 963 723 exercitatum
978 651 1075 724 misit'
1096 656 1141 723 ad
1156 659 1339 724 concilium

284 758 327 822 de
342 759 502 841 captione
520 757 689 823 dictorum
707 759 957 842 episcoporum,
973 756 1077 842 super
1092 766 1163 842 qua
1188 755 1264 823 erat
1278 759 1339 822 lm·
1402 827 1409 838 ,

284 858 429 940 peritus,
454 877 492 921 se
518 858 568 922 sic
594 858 637 921 de
660 858 739 942 jure
772 859 887 923 facere
921 878 1023 940 posse
1053 858 1273 940 allegantem,
1303 867 1340 922 et
1471 841 1474 846 ⁵

284 957 414 1020 factum
432 957 523 1039 regis
543 957 801 1038 defendentem
829 965 865 1022 et
883 957 965 1022 licet
987 958 1090 1021 alitor
1109 955 1220 1022 risum
1246 957 1339 1021 esset
1409 1019 1414 1027 ,

285 1055 430 1120 concilio
453 1075 558 1139 super
582 1057 731 1139 querelis
755 1058 793 1122 in
815 1058 996 1140 episcopos
1023 1057 1138 1133 motis,
1164 1064 1199 1121 et
1222 1057 1338 1122 verbis

284 1155 365 1218 hinc
384 1155 465 1219 inde
486 1156 685 1238 propositis,
709 1155 870 1220 kalendis
887 1156 1098 1239 Septembris
1114 1156 1266 1222 solutum
1284 1163 1338 1219 est

284 1254 478 1318 concilium.

246 1379 303 1415 Plo.
332 1378 384 1415 uu.

235 1437 308 1516 227,
326 1442 377 1517 16,
394 1439 548 1506 artavit
635 1441 852 1525 proscripsit.

236 1562 310 1639 229,
330 1564 384 1642 25,
399 1564 561 1650 mancipa-
635 1563 727 1630 addit
746 1564 873 1642 Paris,
891 1541 1040 1648 Eclipsis
1062 1561 1146 1629 solis
1166 1560 1262 1628 sacta
1282 1554 1336 1628 ost

398 1663 454 1727 tor'
657 1687 719 1770 per
754 1671 864 1729 totam
898 1663 1063 1748 Angliam
1096 1664 1269 1728 horribilis
1302 1671 1338 1728 et

658 1765 851 1830 tenebrosa.

235 1887 309 1961 230,
327 1886 379 1962 29,
395 1887 536 1952 evocarit
635 1889 728 1953 addat
744 1887 872 1965 Paris„
891 1887 1022 1952 Eodem
1043 1906 1134 1951 anno
1155 1884 1335 1950 Galfridns

441 1999 445 2006 '
657 1988 701 2052 de
715 1987 933 2052 Mandavilla
946 1985 1098 2051 firmavit
1108 1987 1230 2050 turrim
1246 1984 1335 2048 Lon-

657 2087 869 2152 doniensem.
912 2085 1034 2150 Idibus
1053 2084 1140 2150 Maii
1154 2084 1336 2149 Albericus

657 2187 701 2250 de
723 2186 809 2263 Ver,
844 2183 1109 2260 londoniensis,
1146 2182 1335 2261 occiditur3

657 2283 860 2350 Aldewinns
890 2284 1054 2348 fundator
1084 2282 1149 2346 fult
1183 2281 1337 2359 Malver·

657 2384 863 2448 niae—'Phe
879 2382 1017 2448 Cotton.
1040 2381 1108 2446 and
1129 2380 1337 2462 Cambridge

658 2483 770 2576 Mss„
785 2481 865 2560 add,
889 2483 1100 2547 ‘Destructa
1130 2488 1184 2544 est
1213 2479 1337 2543 civitas

657 2578 701 2646 de
741 2580 924 2647 Wintonia
970 2581 1069 2646 xviii.
1104 2578 1175 2644 kal.
1209 2578 1334 2643 Octob.

658 2678 705 2746 Et
724 2679 849 2764 captus
874 2688 928 2745 est
944 2680 990 2744 R.
1006 2698 1121 2744 comes
1138 2678 1336 2743 Gloverniae

657 2776 712 2844 die
738 2780 961 2845 exaltationis
988 2778 1024 2844 S.
1042 2778 1177 2854 Crucis,
1198 2797 1261 2859 pro
1279 2796 1336 2840 cu-

652 2879 714 2963 jns
724 2880 927 2945 liberatione
938 2879 1134 2962 Stephanus
1148 2883 1211 2940 rex
1220 2863 1335 2939 dimit·

656 2978 765 3044 titur.'

238 3106 312 3183 231,
348 3108 380 3183 8,
396 3105 480 3190 qood
634 3103 706 3167 sed.

235 3241 287 3274 ³¹-
331 3229 383 3304 24,
401 3227 564 3314 deputatae
636 3222 728 3290 addit
752 3223 877 3301 Paris,
900 3223 959 3304 qui
977 3221 1042 3285 sibi
1066 3238 1238 3285 carcerem
1255 3219 1336 3282 fecit

423 3329 425 3333 ’
658 3323 844 3408 specialem
860 3330 895 3386 et
911 3320 1051 3386 vocavit
1068 3318 1189 3383 Cloere
1203 3317 1319 3382 Brien.

239 3452 313 3526 233,
351 3453 383 3528 8,
401 3453 518 3518 incasit
532 3451 588 3519 ab·
638 3447 713 3514 The
745 3447 861 3530 Royal
884 3445 961 3510 Ms.
985 3445 1049 3509 has
1078 3443 1137 3507 the
1160 3442 1338 3523 following

406 3552 524 3619 latiam
659 3549 800 3614 curious
810 3550 891 3610 note
908 3564 953 3608 on
964 3545 1033 3607 this
1047 3546 1230 3632 passages
1241 3538 1339 3605 Nota

660 3647 716 3712 hic
735 3645 884 3730 qualiter
905 3643 1084 3707 invasores
1102 3649 1138 3706 et
1153 3641 1339 3705 violatores

661 3745 817 3811 ecolesiae'
834 3743 1081 3819 Ramesiensis,
1102 3741 1235 3805 scilicet
1251 3739 1341 3804 Wil-

660 3844 784 3910 lelmus
805 3843 850 3907 de
867 3839 1084 3906 Mandavilla
1103 3847 1139 3904 et
1155 3839 1231 3922 ejus
1248 3857 1340 3902 eom·

661 3945 781 4028 plices,
793 3941 991 4006 recedentes
1002 3939 1251 4022 puniebantur;
1270 3935 1339 4000 sac-

662 4045 689 4107 ti
714 4048 868 4106 amentes
896 4040 987 4104 enim
1013 4038 1211 4102 canticabat
1231 4054 1339 4098 unus-

662 4143 810 4226 quisqne
834 4139 993 4221 Anglice‚
1015 4136 1057 4200 ‘I
1080 4155 1125 4200 ne
1147 4134 1216 4198 mai
1238 4132 1341 4209 alive,

664 4241 718 4305 for
733 4241 859 4305 Benoit
874 4259 916 4311 ne
932 4238 985 4300 sor
1001 4231 1086 4302 Ire!
1128 4234 1186 4298 Ita
1204 4239 1341 4313 torque-

1162 4347 1201 4390 rt
