3150 4992
599 473 801 522 anemonas
825 475 961 524 viarm.
1261 462 1328 529 309

216 697 226 704 --
269 653 433 718 honorem
466 674 579 718 meum
622 656 723 720 amisi
758 657 1037 722 lamentabiliter.
1099 658 1229 742 Exegit
1260 658 1327 744 igi-

218 813 222 818 ,
269 761 338 817 tur.

229 877 286 914 PAG.
309 877 362 914 uu.

218 940 295 1016 313,
312 942 366 1015 28,
383 949 547 1024 cormacu-
619 940 750 1024 praevia
765 940 911 1006 ratione.

385 1048 432 1102 tor

216 1195 285 1216 --
312 1162 366 1240 31,
385 1183 440 1226 reu·
619 1165 712 1229 addit
729 1165 852 1243 Paris,
870 1165 923 1230 Te
947 1146 987 1230 ut
1005 1165 1132 1230 laicum
1156 1165 1324 1234 hactenus

642 1259 794 1346 gessisti,
817 1273 888 1328 ate
913 1265 1032 1347 igitur,
1050 1272 1089 1330 ut
1105 1284 1126 1329 a
1144 1265 1247 1344 laico,
1267 1271 1324 1334 cui

641 1383 756 1428 meum
783 1364 938 1428 commisi
961 1365 1172 1442 thesaurum,
1195 1367 1322 1450 exigo;

641 1470 878 1528 veruntamen.

216 1625 267 1636 -
312 1586 365 1661 34,
390 1584 433 1648 Ut
448 1633 456 1648 .
472 1608 568 1650 ..rec
619 1584 676 1649 Ad
705 1586 798 1670 qnod
824 1607 902 1670 cum
922 1586 1073 1650 siluisset
1093 1586 1322 1670 archiepisco·
1352 1563 1358 1574 Ι

431 1687 436 1694 “
641 1705 718 1768 pus,
733 1687 908 1786 misitrex
922 1685 1126 1768 praedictum
1143 1685 1314 1752 Petrum.-

217 1839 269 1851 -—
312 1803 365 1883 37,
383 1817 526 1872 amiotus
616 1809 771 1888 indutus,
787 1816 930 1892 gestans
952 1806 1145 1873 anelacium
1167 1809 1212 1872 ad
1236 1811 1322 1874 lum·

585 1949 587 1954 ·
638 1908 731 1972 bare.

218 2031 292 2107 314,
331 2032 363 2105 1,
378 2029 498 2094 (100οό01
512 2077 519 2094 .
533 2077 567 2095 ..
620 2031 785 2111 decebat3
810 2032 915 2095 immo
932 2031 1032 2094 multi
1049 2028 1135 2094 illud
1152 2032 1322 2115 interpre-

383 2129 520 2193 1010001
588 2176 592 2183 ·
642 2133 807 2196 tabantur
829 2131 979 2195 deterius
1002 2149 1106 2212 quam
1128 2138 1168 2195 ut
1184 2131 1322 2196 dicive]

384 2228 568 2294 100110000-
642 2231 746 2295 scribi
760 2230 890 2294 deceat.
932 2230 978 2293 Et
991 2236 1073 2294 tunc
1084 2229 1210 2294 Petrus
1224 2231 1322 2297 flevit

381 2348 453 2391 nuo
641 2349 768 2407 amare,
802 2330 934 2393 scilicet
955 2328 1152 2411 ingrediens
1178 2332 1321 2396 navicu·

639 2429 710 2493 lam
735 2429 912 2493 ducendus
938 2428 982 2492 ad
1000 2429 1122 2492 turrim
1140 2429 1319 2513 supradic-

640 2536 723 2592 tam.
777 2528 860 2592 Fuit
875 2534 989 2592 autem
1007 2527 1044 2590 in
1061 2546 1114 2591 ea.

215 2687 266 2698 -
311 2651 363 2727 16,
380 2651 513 2715 danim
617 2652 723 2718 exilio
737 2654 918 2736 relegaret.

222 2765 225 2774 '
379 2750 517 2816 aubroc

216 2911 267 2924 -
310 2873 363 2949 25,
379 2871 433 2935 dcc
449 2872 514 2958 reci
619 2870 707 2934 alios
718 2871 858 2935 altiores
876 2890 930 2947 eo,
942 2871 1073 2935 medios
1088 2870 1220 2936 scilicet
1230 2872 1321 2937 inter

381 2971 521 3035 unimam
640 2989 756 3050 regem
776 2975 812 3032 et
837 2988 927 3046 eum,
947 2970 1072 3051 quibus
1096 2989 1234 3034 necesse
1259 2970 1322 3034 ha·

379 3069 444 3153 cybo
640 3069 716 3132 buit
737 3068 933 3131 immediate
953 3068 1173 3149 respondere,
1199 3067 1321 3150 utpote

640 3166 835 3231 Walterum
853 3166 1115 3230 Karleolensem
1126 3174 1162 3231 et
1176 3166 1319 3231 Petrum

639 3265 682 3329 de
699 3266 861 3342 Rivallis,
879 3285 948 3328 non
964 3284 1030 3342 me,
1053 3266 1260 3347 redarguat3
1284 3274 1320 3331 et

640 3366 690 3430 sic
716 3365 759 3428 de
784 3365 862 3428 aliis
889 3364 1070 3428 umbonem
1099 3365 1230 3428 faciens
1260 3364 1320 3428 de-

640 3464 805 3527 fensionis
834 3464 989 3540 recessit,
1014 3462 1051 3525 in
1078 3462 1165 3526 alios
1190 3464 1319 3527 crimen

641 3563 881 3645 retorquendo.
934 3562 980 3625 Et
1003 3562 1053 3625 sic
1078 3562 1259 3627 abscondit
1282 3582 1319 3627 se

640 3662 764 3726 iterum
782 3662 957 3726 Robertus
976 3659 1144 3739 Paslewe,
1163 3663 1224 3744 qui
1237 3669 1319 3744 post
1356 3677 1360 3685 ·

640 3761 837 3826 Walternm
877 3761 1139 3825 Karleolensem
1169 3761 1319 3825 officium

641 3860 846 3924 thesaurarii
880 3859 1193 3936 administraverat,
1225 3859 1319 3941 quod

640 3960 743 4024 etiam
759 3979 781 4022 a
799 3958 981 4039 diligenter
995 3958 1229 4040 quaerentibus
1247 3957 1318 4021 ani·

640 4077 731 4122 mam
748 4059 824 4142 ejus
841 4058 902 4121 vix
915 4063 969 4120 est
987 4055 1047 4120 ubi
1070 4053 1158 4121 foret
1176 4057 1317 4120 abscon-

639 4157 732 4221 ditus
754 4157 954 4222 revelatum.
1007 4155 1087 4219 Rex
1112 4163 1227 4218 autem
1250 4155 1317 4218 fre·

639 4266 697 4320 tus
724 4247 869 4321 consilio
901 4255 1030 4319 saniori
1056 4254 1243 4336 Hugonem
1274 4253 1318 4317 de
