3150 4992
589 420 789 468 nncrrouns
817 420 950 468 vnutm.

227 542 282 579 m.
307 543 358 579 HN.

218 606 295 683 359,
310 607 362 682 22,
382 613 538 669 trummu-
615 604 872 670 destitueretur.

382 705 455 769 rino

214 870 265 881 -
312 830 363 906 23,
382 827 564 892 imbellis
617 827 777 904 imbellis,
791 834 827 890 et
838 826 969 891 faciens
982 827 1025 891 de
1037 829 1244 894 necessitate
1255 830 1320 894 vir-

384 927 454 992 lieet
638 933 761 1004 tutem,
790 927 1039 992 salubrioribus
1070 930 1322 1012 obtemperaret

639 1026 804 1091 consiliis,
887 1027 1045 1111 Cumque
1094 1031 1321 1094 cummuniter

639 1124 725 1190 haec.

213 1217 266 1302 ’-.
311 1251 363 1326 25,
382 1248 522 1314 meatim
617 1250 747 1314 scincet
765 1250 952 1315 dominum.

219 1373 292 1449 360,
311 1375 365 1449 23,
382 1374 492 1436 Arruz
618 1374 799 1440 Atrebate.

216 1533 268 1546 --
312 1497 365 1572 29,
380 1495 425 1558 ad
442 1493 546 1558 erdem
620 1498 813 1562 Londinum
834 1500 1010 1565 venientes
1028 1504 1158 1595 recepti
1171 1510 1260 1566 sunt.

383 1642 389 1655 .
404 1642 431 1656 ..
437 1616 544 1678 perne

381 1703 493 1758 uerunt

218 1817 291 1894 361,
334 1817 363 1894 6,
378 1819 509 1902 uranius
616 1811 704 1876 dmi·

217 1983 267 1993 -
313 1945 365 2030 34Ἰ
380 1941 565 2006 habmus...
617 1934 783 2000 habentes
800 1984 808 2000 .
823 1985 830 1999 .
846 1985 853 1998 .
872 1938 1075 2004 constiterit.

383 2051 411 2105 et
429 2051 566 2106 comtum-

382 2150 440 2205 tem

218 2263 290 2340 362,
331 2267 363 2340 8,
381 2263 487 2329 omero
505 2312 512 2327 .
532 2313 538 2326 ,
558 2315 565 2327 ,
617 2252 817 2319 Audomaro
832 2273 909 2319 cum
926 2257 999 2319 suis
1015 2257 1126 2321 sociis.

383 2374 411 2429 et
429 2363 567 2429 mnitibus

381 2463 433 2528 titt

218 2588 293 2661 363,
309 2590 364 2667 20,
378 2588 487 2652 ludum
616 2574 747 2653 ludum,
760 2575 851 2659 quod
868 2575 1092 2641 hastiludium
1105 2577 1159 2640 vel
1185 2583 1318 2654 tornea-

638 2684 791 2740 mentum
808 2675 941 2740 dicitur.
958 2747 961 2753 ,

215 2842 266 2855 -
312 2805 365 2879 25,
379 2804 513 2868 Esseeiae
612 2799 701 2864 deest.
827 2881 830 2888 Ι

218 2929 291 3004 364,
334 2925 363 3006 7,
379 2937 407 2992 et
420 2929 567 3014 didymi
616 2923 815 2987 defenderet
832 2930 868 2988 et
883 2923 1053 3005 diligeret.

217 3094 268 3105 -
312 3055 363 3129 18,
379 3073 440 3116 nou
616 3067 806 3130 nunquam.

216 3213 267 3222 —
311 3178 364 3252 22,
382 3177 474 3256 dimit,
489 3177 570 3262 quod
616 3171 734 3236 desunt.

217 3299 362 3376 365,18,
387 3300 568 3365 Lodowieus
615 3276 716 3358 deest

217 3419 292 3499 367,
312 3422 363 3502 27,
378 3426 555 3509 unyuetiem
617 3418 710 3482 addit
746 3416 873 3493 Paris„
905 3423 1032 3493 mente,
1063 3415 1253 3493 voluntate,
1285 3427 1320 3480 et

641 3517 813 3601 adjutorio
833 3516 1019 3593 consensit,
1043 3515 1103 3579 sed
1125 3515 1319 3597 praevidens

639 3617 835 3681 futurorum
869 3623 1053 3680 eventuum
1083 3614 1235 3698 pericula
1259 3634 1320 3697 pu·

527 3738 529 3742 ·
640 3716 709 3781 lam
736 3727 915 3780 assensum
936 3735 1004 3779 non
1027 3713 1193 3791 adhibuit,
1213 3722 1249 3778 et
1270 3713 1320 3778 sie

641 3835 710 3880 non
725 3816 826 3898 quasi
841 3814 986 3879 volendo
1003 3815 1059 3878 vel
1071 3812 1320 3896 persuadendo,

642 3914 701 3978 sed
719 3914 820 3997 quasi
834 3912 1074 3997 permittendo.

217 4048 291 4125 368,
310 4047 361 4125 22,
380 4046 555 4131 subjuyaeit
620 4037 834 4122 subjugavit,
850 4042 885 4100 et
896 4037 962 4100 iter
979 4054 1099 4100 versus
1125 4032 1319 4098 Londinum

639 4137 791 4218 dirigens
808 4143 959 4200 castrum
978 4135 1145 4199 Roffense.
1164 4135 1199 4197 in
1220 4150 1318 4195 suam

642 4237 769 4318 recepit
787 4242 1006 4318 potestatem.
