<?xml version="1.0" encoding="UTF-8"?>
<!DOCTYPE html PUBLIC "-//W3C//DTD XHTML 1.0 Transitional//EN"
    "http://www.w3.org/TR/xhtml1/DTD/xhtml1-transitional.dtd">
<html xmlns="http://www.w3.org/1999/xhtml" xml:lang="en" lang="en">
 <head>
  <title>
</title>
<meta http-equiv="Content-Type" content="text/html;charset=utf-8" />
  <meta name='ocr-system' content='tesseract 3.04.00' />
  <meta name='ocr-capabilities' content='ocr_page ocr_carea ocr_par ocr_line ocrx_word'/>
</head>
<body>
  <div class='ocr_page' id='page_1' title='image "appendixadroger00parigoog_0294.png"; bbox 0 0 3150 4992; ppageno 0'>
   <div class='ocr_carea' id='block_1_1' title="bbox 602 440 957 488">
    <p class='ocr_par' dir='ltr' id='par_1_1' title="bbox 602 440 957 488">
     <span class='ocr_line' id='line_1_1' title="bbox 602 440 957 488; baseline -0.003 -1"><span class='ocrx_word' id='word_1_1' title='bbox 602 440 801 488; x_wconf 66' lang='lat' dir='ltr'><strong>bucularius</strong></span> <span class='ocrx_word' id='word_1_2' title='bbox 826 440 957 488; x_wconf 81' lang='lat' dir='ltr'><strong>VARIAE.</strong></span> 
     </span>
    </p>
   </div>
   <div class='ocr_carea' id='block_1_2' title="bbox 220 565 974 706">
    <p class='ocr_par' dir='ltr' id='par_1_2' title="bbox 220 565 974 706">
     <span class='ocr_line' id='line_1_2' title="bbox 220 565 974 706; baseline -0.001 -20"><span class='ocrx_word' id='word_1_3' title='bbox 220 565 295 702; x_wconf 49' lang='lat' dir='ltr'><strong>iii,</strong></span> <span class='ocrx_word' id='word_1_4' title='bbox 311 566 366 702; x_wconf 50' lang='grc' dir='ltr'><strong>ἓξ,</strong></span> <span class='ocrx_word' id='word_1_5' title='bbox 382 626 473 691; x_wconf 80' lang='lat' dir='ltr'><strong>illum</strong></span> <span class='ocrx_word' id='word_1_6' title='bbox 485 649 506 689; x_wconf 85' lang='lat' dir='ltr'><strong>c</strong></span> <span class='ocrx_word' id='word_1_7' title='bbox 619 644 640 687; x_wconf 92' lang='lat' dir='ltr'><strong>a</strong></span> <span class='ocrx_word' id='word_1_8' title='bbox 655 625 769 706; x_wconf 88' lang='lat' dir='ltr'><strong>patria</strong></span> <span class='ocrx_word' id='word_1_9' title='bbox 785 644 849 688; x_wconf 90' lang='lat' dir='ltr'><strong>sua</strong></span> <span class='ocrx_word' id='word_1_10' title='bbox 867 625 974 688; x_wconf 91' lang='lat' dir='ltr'><strong>miles.</strong></span> 
     </span>
    </p>
   </div>
   <div class='ocr_carea' id='block_1_3' title="bbox 379 735 1321 1312">
    <p class='ocr_par' dir='ltr' id='par_1_3' title="bbox 379 735 625 809">
     <span class='ocr_line' id='line_1_3' title="bbox 379 735 625 809; baseline 0 0"><span class='ocrx_word' id='word_1_11' title='bbox 379 735 494 809; x_wconf 71' lang='lat' dir='ltr'><strong>parma</strong></span> <span class='ocrx_word' id='word_1_12' title='bbox 620 758 625 766; x_wconf 85' lang='grc'>’</span> 
     </span>
    </p>

    <p class='ocr_par' dir='ltr' id='par_1_4' title="bbox 497 846 1321 1312">
     <span class='ocr_line' id='line_1_4' title="bbox 497 846 1321 924; baseline 0.001 -14"><span class='ocrx_word' id='word_1_13' title='bbox 497 849 517 910; x_wconf 85' lang='lat' dir='ltr'><strong>&#39;t</strong></span> <span class='ocrx_word' id='word_1_14' title='bbox 617 846 710 910; x_wconf 75' lang='lat' dir='ltr'><strong>addit</strong></span> <span class='ocrx_word' id='word_1_15' title='bbox 734 847 859 924; x_wconf 80' lang='lat' dir='ltr'><strong>Paris,</strong></span> <span class='ocrx_word' id='word_1_16' title='bbox 895 848 940 912; x_wconf 90' lang='lat' dir='ltr'><strong>Et</strong></span> <span class='ocrx_word' id='word_1_17' title='bbox 972 849 1046 912; x_wconf 86' lang='lat' dir='ltr'><strong>haec</strong></span> <span class='ocrx_word' id='word_1_18' title='bbox 1075 848 1321 924; x_wconf 85' lang='lat' dir='ltr'><strong>misericordia,</strong></span> 
     </span>
     <span class='ocr_line' id='line_1_5' title="bbox 640 946 1320 1028; baseline 0 -20"><span class='ocrx_word' id='word_1_19' title='bbox 640 965 743 1026; x_wconf 89' lang='lat' dir='ltr'><strong>quam</strong></span> <span class='ocrx_word' id='word_1_20' title='bbox 780 947 862 1010; x_wconf 87' lang='lat' dir='ltr'><strong>fecit</strong></span> <span class='ocrx_word' id='word_1_21' title='bbox 898 948 974 1028; x_wconf 91' lang='lat' dir='ltr'><strong>pius</strong></span> <span class='ocrx_word' id='word_1_22' title='bbox 1013 967 1075 1011; x_wconf 88' lang='lat' dir='ltr'><strong>rex</strong></span> <span class='ocrx_word' id='word_1_23' title='bbox 1111 946 1320 1020; x_wconf 78' lang='lat' dir='ltr'><strong>RicharduS,</strong></span> 
     </span>
     <span class='ocr_line' id='line_1_6' title="bbox 640 1044 1321 1129; baseline 0.001 -22"><span class='ocrx_word' id='word_1_24' title='bbox 640 1063 717 1107; x_wconf 88' lang='lat' dir='ltr'><strong>cum</strong></span> <span class='ocrx_word' id='word_1_25' title='bbox 735 1046 813 1108; x_wconf 91' lang='lat' dir='ltr'><strong>aliis</strong></span> <span class='ocrx_word' id='word_1_26' title='bbox 830 1044 934 1129; x_wconf 90' lang='lat' dir='ltr'><strong>hujus</strong></span> <span class='ocrx_word' id='word_1_27' title='bbox 952 1046 1125 1128; x_wconf 89' lang='lat' dir='ltr'><strong>operibus,</strong></span> <span class='ocrx_word' id='word_1_28' title='bbox 1142 1045 1268 1127; x_wconf 91' lang='lat' dir='ltr'><strong>ipsum,</strong></span> <span class='ocrx_word' id='word_1_29' title='bbox 1281 1053 1321 1108; x_wconf 93' lang='lat' dir='ltr'><strong>ut</strong></span> 
     </span>
     <span class='ocr_line' id='line_1_7' title="bbox 639 1143 1320 1226; baseline 0.003 -21"><span class='ocrx_word' id='word_1_30' title='bbox 639 1143 822 1221; x_wconf 89' lang='lat' dir='ltr'><strong>credimus,</strong></span> <span class='ocrx_word' id='word_1_31' title='bbox 848 1163 870 1207; x_wconf 91' lang='lat' dir='ltr'><strong>a</strong></span> <span class='ocrx_word' id='word_1_32' title='bbox 902 1145 1062 1226; x_wconf 89' lang='lat' dir='ltr'><strong>periculis</strong></span> <span class='ocrx_word' id='word_1_33' title='bbox 1088 1144 1320 1209; x_wconf 84' lang='lat' dir='ltr'><strong>damnationis</strong></span> 
     </span>
     <span class='ocr_line' id='line_1_8' title="bbox 638 1242 1209 1312; baseline 0.004 -8"><span class='ocrx_word' id='word_1_34' title='bbox 638 1248 674 1306; x_wconf 90' lang='lat' dir='ltr'><strong>et</strong></span> <span class='ocrx_word' id='word_1_35' title='bbox 689 1242 905 1312; x_wconf 85' lang='lat' dir='ltr'><strong>cruciatuum</strong></span> <span class='ocrx_word' id='word_1_36' title='bbox 922 1244 1023 1307; x_wconf 93' lang='lat' dir='ltr'><strong>citius</strong></span> <span class='ocrx_word' id='word_1_37' title='bbox 1037 1243 1209 1308; x_wconf 83' lang='lat' dir='ltr'><strong>liberavit.</strong></span> 
     </span>
    </p>
   </div>
   <div class='ocr_carea' id='block_1_4' title="bbox 221 1351 1339 1744">
    <p class='ocr_par' dir='ltr' id='par_1_5' title="bbox 221 1351 1339 1744">
     <span class='ocr_line' id='line_1_9' title="bbox 221 1351 1319 1450; baseline 0 -22"><span class='ocrx_word' id='word_1_38' title='bbox 221 1368 293 1441; x_wconf 87' lang='grc'>239,</span> <span class='ocrx_word' id='word_1_39' title='bbox 313 1351 365 1442; x_wconf 69' lang='grc'><strong>35,</strong></span> <span class='ocrx_word' id='word_1_40' title='bbox 383 1367 505 1450; x_wconf 50' lang='lat' dir='ltr'><strong>Quum</strong></span> <span class='ocrx_word' id='word_1_41' title='bbox 617 1364 710 1428; x_wconf 82' lang='lat' dir='ltr'><strong>addit</strong></span> <span class='ocrx_word' id='word_1_42' title='bbox 730 1365 856 1442; x_wconf 81' lang='lat' dir='ltr'><strong>Paris,</strong></span> <span class='ocrx_word' id='word_1_43' title='bbox 879 1366 926 1430; x_wconf 89' lang='lat' dir='ltr'><strong>Et</strong></span> <span class='ocrx_word' id='word_1_44' title='bbox 947 1367 1037 1431; x_wconf 90' lang='lat' dir='ltr'><strong>sicut</strong></span> <span class='ocrx_word' id='word_1_45' title='bbox 1057 1366 1241 1430; x_wconf 83' lang='lat' dir='ltr'><strong>rebellibus</strong></span> <span class='ocrx_word' id='word_1_46' title='bbox 1265 1367 1319 1429; x_wconf 91' lang='lat' dir='ltr'><strong>leo</strong></span> 
     </span>
     <span class='ocr_line' id='line_1_10' title="bbox 638 1463 1319 1546; baseline 0.001 -20"><span class='ocrx_word' id='word_1_47' title='bbox 638 1463 704 1527; x_wconf 85' lang='lat' dir='ltr'><strong>fuit</strong></span> <span class='ocrx_word' id='word_1_48' title='bbox 752 1465 1015 1546; x_wconf 63' lang='lat' dir='ltr'><strong>imperterritus</strong></span> <span class='ocrx_word' id='word_1_49' title='bbox 1058 1466 1108 1529; x_wconf 91' lang='lat' dir='ltr'><strong>sic</strong></span> <span class='ocrx_word' id='word_1_50' title='bbox 1154 1465 1319 1528; x_wconf 89' lang='lat' dir='ltr'><strong>modestis</strong></span> 
     </span>
     <span class='ocr_line' id='line_1_11' title="bbox 639 1562 1339 1645; baseline -0.001 -20"><span class='ocrx_word' id='word_1_51' title='bbox 639 1581 751 1642; x_wconf 85' lang='lat' dir='ltr'><strong>agnus</strong></span> <span class='ocrx_word' id='word_1_52' title='bbox 777 1562 845 1627; x_wconf 84' lang='lat' dir='ltr'><strong>fuit</strong></span> <span class='ocrx_word' id='word_1_53' title='bbox 871 1571 1093 1642; x_wconf 87' lang='lat' dir='ltr'><strong>mansuetus;</strong></span> <span class='ocrx_word' id='word_1_54' title='bbox 1119 1564 1175 1627; x_wconf 89' lang='lat' dir='ltr'><strong>leo</strong></span> <span class='ocrx_word' id='word_1_55' title='bbox 1197 1583 1339 1645; x_wconf 92' lang='lat' dir='ltr'><strong>super--</strong></span> 
     </span>
     <span class='ocr_line' id='line_1_12' title="bbox 640 1661 1077 1744; baseline 0.005 -22"><span class='ocrx_word' id='word_1_56' title='bbox 640 1661 752 1737; x_wconf 89' lang='lat' dir='ltr'><strong>andis,</strong></span> <span class='ocrx_word' id='word_1_57' title='bbox 766 1681 878 1743; x_wconf 83' lang='lat' dir='ltr'><strong>agnus</strong></span> <span class='ocrx_word' id='word_1_58' title='bbox 895 1663 1077 1744; x_wconf 83' lang='lat' dir='ltr'><strong>superatis</strong></span> 
     </span>
    </p>
   </div>
   <div class='ocr_carea' id='block_1_5' title="bbox 140 1783 1318 2219">
    <p class='ocr_par' dir='ltr' id='par_1_6' title="bbox 219 1783 1063 1867">
     <span class='ocr_line' id='line_1_13' title="bbox 219 1783 1063 1867; baseline 0.004 -23"><span class='ocrx_word' id='word_1_59' title='bbox 219 1783 292 1857; x_wconf 83' lang='grc'>240,</span> <span class='ocrx_word' id='word_1_60' title='bbox 333 1785 362 1858; x_wconf 92' lang='grc'><strong>2,</strong></span> <span class='ocrx_word' id='word_1_61' title='bbox 380 1783 442 1845; x_wconf 78' lang='lat' dir='ltr'><strong>Dei</strong></span> <span class='ocrx_word' id='word_1_62' title='bbox 617 1783 785 1867; x_wconf 88' lang='lat' dir='ltr'><strong>quiajam</strong></span> <span class='ocrx_word' id='word_1_63' title='bbox 803 1785 899 1848; x_wconf 88' lang='lat' dir='ltr'><strong>venit</strong></span> <span class='ocrx_word' id='word_1_64' title='bbox 916 1792 1063 1866; x_wconf 88' lang='lat' dir='ltr'><strong>tempus.</strong></span> 
     </span>
    </p>

    <p class='ocr_par' dir='ltr' id='par_1_7' title="bbox 216 1901 1318 2068">
     <span class='ocr_line' id='line_1_14' title="bbox 216 1901 1318 1988; baseline 0 -22"><span class='ocrx_word' id='word_1_65' title='bbox 216 1942 266 1950; x_wconf 88' lang='lat'><strong>·—</strong></span> <span class='ocrx_word' id='word_1_66' title='bbox 331 1945 358 1954; x_wconf 96' lang='lat'>-</span> <span class='ocrx_word' id='word_1_67' title='bbox 375 1901 552 1988; x_wconf 78' lang='lat' dir='ltr'><strong>poenalibus</strong></span> <span class='ocrx_word' id='word_1_68' title='bbox 616 1906 824 1986; x_wconf 89' lang='lat' dir='ltr'><strong>poenalibus,</strong></span> <span class='ocrx_word' id='word_1_69' title='bbox 855 1914 1002 1970; x_wconf 89' lang='lat' dir='ltr'><strong>excocta</strong></span> <span class='ocrx_word' id='word_1_70' title='bbox 1032 1907 1210 1987; x_wconf 87' lang='lat' dir='ltr'><strong>culparum</strong></span> <span class='ocrx_word' id='word_1_71' title='bbox 1242 1923 1318 1967; x_wconf 90' lang='lat' dir='ltr'><strong>sco·</strong></span> 
     </span>
     <span class='ocr_line' id='line_1_15' title="bbox 638 2023 700 2068; baseline -0.032 0"><span class='ocrx_word' id='word_1_72' title='bbox 638 2023 700 2068; x_wconf 79' lang='lat' dir='ltr'><strong>rra.</strong></span> 
     </span>
    </p>

    <p class='ocr_par' dir='ltr' id='par_1_8' title="bbox 140 2102 1317 2219">
     <span class='ocr_line' id='line_1_16' title="bbox 140 2102 1317 2219; baseline 0.002 -35"><span class='ocrx_word' id='word_1_73' title='bbox 140 2102 142 2105; x_wconf 79' lang='grc'><strong>’</strong></span> <span class='ocrx_word' id='word_1_74' title='bbox 218 2126 293 2200; x_wconf 79' lang='lat'><strong>241,</strong></span> <span class='ocrx_word' id='word_1_75' title='bbox 330 2125 361 2200; x_wconf 80' lang='lat' dir='ltr'><strong>s,</strong></span> <span class='ocrx_word' id='word_1_76' title='bbox 381 2123 505 2219; x_wconf 14' lang='lat' dir='ltr'><strong>ulter,</strong></span> <span class='ocrx_word' id='word_1_77' title='bbox 616 2125 785 2203; x_wconf 76' lang='lat' dir='ltr'><strong>witham,</strong></span> <span class='ocrx_word' id='word_1_78' title='bbox 803 2128 876 2190; x_wconf 74' lang='lat' dir='ltr'><strong>sive</strong></span> <span class='ocrx_word' id='word_1_79' title='bbox 899 2127 1091 2192; x_wconf 68' lang='lat' dir='ltr'><strong>nouercam</strong></span> <span class='ocrx_word' id='word_1_80' title='bbox 1109 2124 1151 2188; x_wconf 75' lang='lat' dir='ltr'><strong>ue</strong></span> <span class='ocrx_word' id='word_1_81' title='bbox 1167 2124 1317 2205; x_wconf 76' lang='lat' dir='ltr'><strong>runge,</strong></span> 
     </span>
    </p>
   </div>
   <div class='ocr_carea' id='block_1_6' title="bbox 637 2221 1318 2405">
    <p class='ocr_par' dir='ltr' id='par_1_9' title="bbox 637 2221 1318 2405">
     <span class='ocr_line' id='line_1_17' title="bbox 639 2221 1318 2307; baseline -0.003 -22"><span class='ocrx_word' id='word_1_82' title='bbox 639 2224 781 2288; x_wconf 89' lang='lat' dir='ltr'><strong>militem</strong></span> <span class='ocrx_word' id='word_1_83' title='bbox 813 2233 850 2288; x_wconf 90' lang='lat' dir='ltr'><strong>et</strong></span> <span class='ocrx_word' id='word_1_84' title='bbox 873 2226 986 2289; x_wconf 90' lang='lat' dir='ltr'><strong>virum</strong></span> <span class='ocrx_word' id='word_1_85' title='bbox 1011 2243 1226 2307; x_wconf 82' lang='lat' dir='ltr'><strong>generosum,</strong></span> <span class='ocrx_word' id='word_1_86' title='bbox 1258 2221 1318 2284; x_wconf 91' lang='lat' dir='ltr'><strong>sed</strong></span> 
     </span>
     <span class='ocr_line' id='line_1_18' title="bbox 637 2323 899 2405; baseline 0.015 -21"><span class='ocrx_word' id='word_1_87' title='bbox 637 2323 687 2386; x_wconf 91' lang='lat' dir='ltr'><strong>sic</strong></span> <span class='ocrx_word' id='word_1_88' title='bbox 704 2324 899 2405; x_wconf 85' lang='lat' dir='ltr'><strong>palliatum.</strong></span> 
     </span>
    </p>
   </div>
   <div class='ocr_carea' id='block_1_7' title="bbox 204 2443 1319 3023">
    <p class='ocr_par' dir='ltr' id='par_1_10' title="bbox 204 2443 1319 3023">
     <span class='ocr_line' id='line_1_19' title="bbox 217 2443 1318 2528; baseline 0 -23"><span class='ocrx_word' id='word_1_89' title='bbox 217 2446 293 2520; x_wconf 90' lang='grc'>242,</span> <span class='ocrx_word' id='word_1_90' title='bbox 312 2447 364 2520; x_wconf 90' lang='lat'><strong>19,</strong></span> <span class='ocrx_word' id='word_1_91' title='bbox 378 2443 566 2527; x_wconf 71' lang='lat' dir='ltr'><strong>Tuiupami-</strong></span> <span class='ocrx_word' id='word_1_92' title='bbox 616 2443 765 2525; x_wconf 86' lang='lat' dir='ltr'><strong>Thinge,</strong></span> <span class='ocrx_word' id='word_1_93' title='bbox 794 2447 934 2528; x_wconf 87' lang='lat' dir='ltr'><strong>juvenis</strong></span> <span class='ocrx_word' id='word_1_94' title='bbox 970 2445 1111 2525; x_wconf 85' lang='lat' dir='ltr'><strong>elegans</strong></span> <span class='ocrx_word' id='word_1_95' title='bbox 1147 2450 1182 2507; x_wconf 92' lang='lat' dir='ltr'><strong>et</strong></span> <span class='ocrx_word' id='word_1_96' title='bbox 1221 2443 1318 2506; x_wconf 92' lang='lat' dir='ltr'><strong>miles</strong></span> 
     </span>
     <span class='ocr_line' id='line_1_20' title="bbox 379 2541 1319 2627; baseline 0 -22"><span class='ocrx_word' id='word_1_97' title='bbox 379 2541 568 2606; x_wconf 71' lang='lat' dir='ltr'><strong>heureorucs</strong></span> <span class='ocrx_word' id='word_1_98' title='bbox 637 2550 810 2620; x_wconf 75' lang='lat' dir='ltr'><strong>strennue,</strong></span> <span class='ocrx_word' id='word_1_99' title='bbox 831 2565 876 2608; x_wconf 87' lang='lat' dir='ltr'><strong>ex</strong></span> <span class='ocrx_word' id='word_1_100' title='bbox 892 2544 1048 2627; x_wconf 87' lang='lat' dir='ltr'><strong>partibus</strong></span> <span class='ocrx_word' id='word_1_101' title='bbox 1063 2542 1202 2626; x_wconf 86' lang='lat' dir='ltr'><strong>Angliae</strong></span> <span class='ocrx_word' id='word_1_102' title='bbox 1221 2543 1319 2625; x_wconf 91' lang='lat' dir='ltr'><strong>aqui-</strong></span> 
     </span>
     <span class='ocr_line' id='line_1_21' title="bbox 638 2641 1317 2725; baseline 0.001 -22"><span class='ocrx_word' id='word_1_103' title='bbox 638 2641 813 2706; x_wconf 89' lang='lat' dir='ltr'><strong>lonaribus</strong></span> <span class='ocrx_word' id='word_1_104' title='bbox 835 2644 1003 2725; x_wconf 84' lang='lat' dir='ltr'><strong>originem</strong></span> <span class='ocrx_word' id='word_1_105' title='bbox 1029 2643 1230 2724; x_wconf 77' lang='lat' dir='ltr'><strong>praeclaram</strong></span> <span class='ocrx_word' id='word_1_106' title='bbox 1253 2642 1317 2704; x_wconf 92' lang='lat' dir='ltr'><strong>du·</strong></span> 
     </span>
     <span class='ocr_line' id='line_1_22' title="bbox 636 2759 728 2804; baseline 0.022 -2"><span class='ocrx_word' id='word_1_107' title='bbox 636 2759 728 2804; x_wconf 89' lang='lat' dir='ltr'><strong>cens.</strong></span> 
     </span>
     <span class='ocr_line' id='line_1_23' title="bbox 204 2859 837 2945; baseline 0.006 -23"><span class='ocrx_word' id='word_1_108' title='bbox 204 2861 289 2937; x_wconf 86' lang='grc'>243,</span> <span class='ocrx_word' id='word_1_109' title='bbox 309 2862 361 2935; x_wconf 89' lang='grc'><strong>20,</strong></span> <span class='ocrx_word' id='word_1_110' title='bbox 376 2859 566 2944; x_wconf 67' lang='lat' dir='ltr'><strong>adpropriet</strong></span> <span class='ocrx_word' id='word_1_111' title='bbox 615 2863 837 2945; x_wconf 87' lang='lat' dir='ltr'><strong>repatriandi.</strong></span> 
     </span>
     <span class='ocr_line' id='line_1_24' title="bbox 381 2959 551 3023; baseline 0.018 -3"><span class='ocrx_word' id='word_1_112' title='bbox 381 2959 551 3023; x_wconf 66' lang='lat' dir='ltr'><strong>remundi</strong></span> 
     </span>
    </p>
   </div>
   <div class='ocr_carea' id='block_1_8' title="bbox 214 3082 860 3156">
    <p class='ocr_par' dir='ltr' id='par_1_11' title="bbox 214 3082 860 3156">
     <span class='ocr_line' id='line_1_25' title="bbox 214 3082 860 3156; baseline 0.006 -14"><span class='ocrx_word' id='word_1_113' title='bbox 214 3117 265 3125; x_wconf 90' lang='lat'>—</span> <span class='ocrx_word' id='word_1_114' title='bbox 310 3082 566 3156; x_wconf 66' lang='lat' dir='ltr'><strong>summumne</strong></span> <span class='ocrx_word' id='word_1_115' title='bbox 615 3083 860 3147; x_wconf 89' lang='lat' dir='ltr'><strong>Decesserunt.</strong></span> 
     </span>
    </p>
   </div>
   <div class='ocr_carea' id='block_1_9' title="bbox 215 3203 1100 3364">
    <p class='ocr_par' dir='ltr' id='par_1_12' title="bbox 215 3203 1100 3364">
     <span class='ocr_line' id='line_1_26' title="bbox 215 3203 1100 3288; baseline 0.006 -25"><span class='ocrx_word' id='word_1_116' title='bbox 215 3203 290 3278; x_wconf 89' lang='grc'>244,</span> <span class='ocrx_word' id='word_1_117' title='bbox 309 3204 362 3276; x_wconf 88' lang='lat'><strong>18,</strong></span> <span class='ocrx_word' id='word_1_118' title='bbox 371 3203 565 3288; x_wconf 68' lang='lat' dir='ltr'><strong>orfus-pro</strong></span> <span class='ocrx_word' id='word_1_119' title='bbox 617 3212 729 3270; x_wconf 91' lang='lat' dir='ltr'><strong>tntum</strong></span> <span class='ocrx_word' id='word_1_120' title='bbox 747 3206 892 3269; x_wconf 85' lang='lat' dir='ltr'><strong>forsitan</strong></span> <span class='ocrx_word' id='word_1_121' title='bbox 911 3224 980 3269; x_wconf 94' lang='lat' dir='ltr'><strong>non</strong></span> <span class='ocrx_word' id='word_1_122' title='bbox 997 3211 1100 3268; x_wconf 89' lang='lat' dir='ltr'><strong>esset.</strong></span> 
     </span>
     <span class='ocr_line' id='line_1_27' title="bbox 380 3309 504 3364; baseline 0 0"><span class='ocrx_word' id='word_1_123' title='bbox 380 3309 504 3364; x_wconf 77' lang='lat' dir='ltr'><strong>occultu</strong></span> 
     </span>
    </p>
   </div>
   <div class='ocr_carea' id='block_1_10' title="bbox 212 3423 805 3498">
    <p class='ocr_par' dir='ltr' id='par_1_13' title="bbox 212 3423 805 3498">
     <span class='ocr_line' id='line_1_28' title="bbox 212 3423 805 3498; baseline -0.002 -13"><span class='ocrx_word' id='word_1_124' title='bbox 212 3463 263 3476; x_wconf 92' lang='lat'><em>-</em></span> <span class='ocrx_word' id='word_1_125' title='bbox 307 3424 362 3498; x_wconf 90' lang='grc'><strong>26,</strong></span> <span class='ocrx_word' id='word_1_126' title='bbox 372 3423 566 3488; x_wconf 68' lang='lat' dir='ltr'><strong>Brituuoruu</strong></span> <span class='ocrx_word' id='word_1_127' title='bbox 616 3425 805 3488; x_wconf 89' lang='lat' dir='ltr'><strong>Britonem.</strong></span> 
     </span>
    </p>
   </div>
   <div class='ocr_carea' id='block_1_11' title="bbox 84 3544 1314 3637">
    <p class='ocr_par' dir='ltr' id='par_1_14' title="bbox 84 3544 1314 3637">
     <span class='ocr_line' id='line_1_29' title="bbox 84 3544 1314 3637; baseline -0.002 -27"><span class='ocrx_word' id='word_1_128' title='bbox 84 3629 88 3637; x_wconf 25' lang='lat'>‚</span> <span class='ocrx_word' id='word_1_129' title='bbox 214 3582 264 3594; x_wconf 89' lang='lat'><strong>—-</strong></span> <span class='ocrx_word' id='word_1_130' title='bbox 309 3549 363 3623; x_wconf 88' lang='grc'><strong>28,</strong></span> <span class='ocrx_word' id='word_1_131' title='bbox 380 3549 504 3631; x_wconf 71' lang='lat' dir='ltr'><strong>arpenti</strong></span> <span class='ocrx_word' id='word_1_132' title='bbox 614 3546 707 3610; x_wconf 84' lang='lat' dir='ltr'><strong>addit</strong></span> <span class='ocrx_word' id='word_1_133' title='bbox 727 3545 853 3621; x_wconf 82' lang='lat' dir='ltr'><strong>Paris,</strong></span> <span class='ocrx_word' id='word_1_134' title='bbox 877 3551 1090 3621; x_wconf 85' lang='lat' dir='ltr'><strong>numeratas,</strong></span> <span class='ocrx_word' id='word_1_135' title='bbox 1110 3551 1146 3608; x_wconf 91' lang='lat' dir='ltr'><strong>et</strong></span> <span class='ocrx_word' id='word_1_136' title='bbox 1170 3544 1314 3608; x_wconf 89' lang='lat' dir='ltr'><strong>consilio</strong></span> 
     </span>
    </p>
   </div>
   <div class='ocr_carea' id='block_1_12' title="bbox 636 3643 1314 3824">
    <p class='ocr_par' dir='ltr' id='par_1_15' title="bbox 636 3643 1314 3824">
     <span class='ocr_line' id='line_1_30' title="bbox 637 3643 1314 3727; baseline -0.001 -19"><span class='ocrx_word' id='word_1_137' title='bbox 637 3644 746 3721; x_wconf 89' lang='lat' dir='ltr'><strong>Petri,</strong></span> <span class='ocrx_word' id='word_1_138' title='bbox 773 3644 1024 3708; x_wconf 88' lang='lat' dir='ltr'><strong>Wintoniensis</strong></span> <span class='ocrx_word' id='word_1_139' title='bbox 1052 3643 1216 3726; x_wconf 85' lang='lat' dir='ltr'><strong>episcopi,</strong></span> <span class='ocrx_word' id='word_1_140' title='bbox 1237 3644 1314 3727; x_wconf 84' lang='lat' dir='ltr'><strong>jam</strong></span> 
     </span>
     <span class='ocr_line' id='line_1_31' title="bbox 636 3741 1213 3824; baseline -0.003 -18"><span class='ocrx_word' id='word_1_141' title='bbox 636 3745 779 3806; x_wconf 91' lang='lat' dir='ltr'><strong>inomni</strong></span> <span class='ocrx_word' id='word_1_142' title='bbox 793 3749 976 3824; x_wconf 84' lang='lat' dir='ltr'><strong>potentatu</strong></span> <span class='ocrx_word' id='word_1_143' title='bbox 993 3741 1213 3805; x_wconf 87' lang='lat' dir='ltr'><strong>dominantis.</strong></span> 
     </span>
    </p>
   </div>
   <div class='ocr_carea' id='block_1_13' title="bbox 214 3863 1314 4045">
    <p class='ocr_par' dir='ltr' id='par_1_16' title="bbox 214 3863 1314 4045">
     <span class='ocr_line' id='line_1_32' title="bbox 214 3863 1314 3946; baseline -0.002 -18"><span class='ocrx_word' id='word_1_144' title='bbox 214 3908 264 3918; x_wconf 91' lang='lat'>-</span> <span class='ocrx_word' id='word_1_145' title='bbox 308 3867 363 3942; x_wconf 89' lang='grc'><strong>29,</strong></span> <span class='ocrx_word' id='word_1_146' title='bbox 381 3866 550 3930; x_wconf 75' lang='lat' dir='ltr'><strong>Pictoreu-</strong></span> <span class='ocrx_word' id='word_1_147' title='bbox 614 3865 706 3929; x_wconf 77' lang='lat' dir='ltr'><strong>addit</strong></span> <span class='ocrx_word' id='word_1_148' title='bbox 726 3864 853 3941; x_wconf 72' lang='lat' dir='ltr'><strong>Paris,</strong></span> <span class='ocrx_word' id='word_1_149' title='bbox 873 3863 1054 3927; x_wconf 86' lang='lat' dir='ltr'><strong>memorati</strong></span> <span class='ocrx_word' id='word_1_150' title='bbox 1077 3863 1230 3946; x_wconf 91' lang='lat' dir='ltr'><strong>episcopi</strong></span> <span class='ocrx_word' id='word_1_151' title='bbox 1255 3883 1314 3926; x_wconf 90' lang='lat' dir='ltr'><strong>ne-</strong></span> 
     </span>
     <span class='ocr_line' id='line_1_33' title="bbox 383 3962 1016 4045; baseline -0.006 -18"><span class='ocrx_word' id='word_1_152' title='bbox 383 3985 444 4027; x_wconf 74' lang='lat' dir='ltr'><strong>sam</strong></span> <span class='ocrx_word' id='word_1_153' title='bbox 635 3970 750 4045; x_wconf 88' lang='lat' dir='ltr'><strong>potem</strong></span> <span class='ocrx_word' id='word_1_154' title='bbox 768 3963 824 4027; x_wconf 90' lang='lat' dir='ltr'><strong>vel</strong></span> <span class='ocrx_word' id='word_1_155' title='bbox 837 3962 955 4025; x_wconf 91' lang='lat' dir='ltr'><strong>filium.</strong></span> <span class='ocrx_word' id='word_1_156' title='bbox 1012 4011 1016 4017; x_wconf 93' lang='lat'><em>.</em></span> 
     </span>
    </p>
   </div>
   <div class='ocr_carea' id='block_1_14' title="bbox 214 4085 1213 4171">
    <p class='ocr_par' dir='ltr' id='par_1_17' title="bbox 214 4085 1213 4171">
     <span class='ocr_line' id='line_1_34' title="bbox 214 4085 1213 4171; baseline -0.005 -20"><span class='ocrx_word' id='word_1_157' title='bbox 214 4128 265 4138; x_wconf 95' lang='grc'><strong>-</strong></span> <span class='ocrx_word' id='word_1_158' title='bbox 309 4086 564 4171; x_wconf 76' lang='lat' dir='ltr'><strong>3l,uoupleuo..</strong></span> <span class='ocrx_word' id='word_1_159' title='bbox 615 4086 778 4167; x_wconf 83' lang='lat' dir='ltr'><strong>gravidos</strong></span> <span class='ocrx_word' id='word_1_160' title='bbox 797 4093 833 4148; x_wconf 92' lang='lat' dir='ltr'><strong>et</strong></span> <span class='ocrx_word' id='word_1_161' title='bbox 849 4085 994 4150; x_wconf 87' lang='lat' dir='ltr'><strong>refertos</strong></span> <span class='ocrx_word' id='word_1_162' title='bbox 1012 4085 1213 4165; x_wconf 87' lang='lat' dir='ltr'><strong>reportavit.</strong></span> 
     </span>
    </p>
   </div>
   <div class='ocr_carea' id='block_1_15' title="bbox 380 4187 1165 4336">
    <p class='ocr_par' dir='ltr' id='par_1_18' title="bbox 380 4187 1165 4336">
     <span class='ocr_line' id='line_1_35' title="bbox 380 4187 542 4268; baseline 0.012 -22"><span class='ocrx_word' id='word_1_163' title='bbox 380 4187 542 4268; x_wconf 77' lang='lat' dir='ltr'><strong>reparavit</strong></span> 
     </span>
     <span class='ocr_line' id='line_1_36' title="bbox 1143 4294 1165 4336; baseline 0 0"><span class='ocrx_word' id='word_1_164' title='bbox 1143 4294 1165 4336; x_wconf 83' lang='lat' dir='ltr'>T</span> 
     </span>
    </p>
   </div>
   <div class='ocr_carea' id='block_1_16' title="bbox 0 0 1580 4992">
    <p class='ocr_par' dir='ltr' id='par_1_19' title="bbox 0 0 1580 4992">
     <span class='ocr_line' id='line_1_37' title="bbox 0 0 1580 4992; baseline 0 2"><span class='ocrx_word' id='word_1_165' title='bbox 0 0 1580 4992; x_wconf 95' lang='lat' dir='ltr'><strong> </strong></span> 
     </span>
    </p>
   </div>
  </div>
 </body>
</html>
