3150 4992
267 455 331 518 124
457 477 461 486 ’
643 473 843 522 nncrrorrss
866 474 1000 523 vanus.

266 595 323 632 m.
365 595 416 633 ult.

266 661 322 732 80,
360 659 413 730 16,
432 657 521 722 dacis
666 660 814 724 comitis.

264 801 316 836 ..·.
362 782 412 857 18,
434 782 581 866 Groyorii
668 784 827 866 Georgii.

266 944 317 958 -
361 906 414 982 31,
432 906 579 969 aniverso
667 907 927 973 occurrentibus
942 913 976 971 et
987 906 1277 990 applaudentibus
1292 929 1368 991 reg-

430 1005 558 1070 ca'citcta
688 1009 725 1071 ni
741 1008 973 1090 magnatibus,
986 1007 1061 1071 solo
1075 1008 1201 1072 comite
1210 1008 1233 1072 J
1236 1009 1369 1073 ohanne

688 1107 936 1190 ingemiscente
947 1126 959 1185 3
980 1107 1030 1170 00.
1047 1115 1075 1170 et
1087 1107 1128 1170 B.

266 1229 321 1304 81,
382 1231 412 1307 5,
425 1251 619 1295 recersmum
667 1250 896 1295 reversurum.
936 1223 1020 1294 ¹Cui
1037 1229 1239 1294 adventanti
1254 1250 1371 1295 occur-

688 1332 733 1395 rit
745 1331 838 1412 apud
843 1331 1205 1407 westmonasterium,
1214 1351 1260 1394 ex
1271 1339 1371 1413 parte

689 1430 826 1495 abbatis
850 1429 964 1494 sancti
981 1427 1110 1492 Albani
1127 1430 1275 1507 Warini,
1292 1431 1369 1512 qui·

690 1529 768 1592 darn
784 1549 828 1592 ex
844 1529 921 1612 ejus
936 1529 1165 1592 servientibus
1179 1528 1368 1593 Gaufridus

691 1636 920 1710 cognomento
939 1626 1125 1705 Halesalt
1142 1628 1301 1692 adserens
1318 1629 1366 1691 ei-

691 1728 769 1792 dem
803 1729 877 1809 regi
908 1747 952 1790 ex
985 1735 1085 1808 parte
1117 1727 1201 1791 dicti
1234 1728 1369 1792 abbatis

690 1846 834 1891 munera
853 1846 923 1890 non
941 1826 1077 1890 modica
1097 1846 1142 1890 ex
1161 1846 1246 1891 auro
1262 1834 1298 1891 et
1314 1846 1371 1890 ar·

690 1935 810 2008 gento,
840 1945 919 2009 quae
951 1926 1074 1990 merito
1110 1926 1262 2009 regalem
1299 1946 1368 1990 non

690 2034 827 2091 tantum
861 2044 986 2108 pacare
1018 2024 1079 2089 sed
1111 2035 1147 2090 et
1175 2025 1369 2090 exhilarare

689 2133 852 2207 poterant
868 2124 1169 2206 magnificentiam.
1212 2124 1368 2208 Ipseau-

692 2234 761 2289 tem
777 2244 853 2302 rex,
866 2243 1015 2308 pensans
1030 2223 1191 2288 affectum
1204 2244 1282 2288 curn
1294 2244 1372 2287 mu-

690 2326 843 2401 neribuS,
872 2324 981 2388 eidem
1007 2324 1125 2387 abbati
1159 2323 1290 2405 gratias
1317 2343 1370 2387 re-

690 2424 771 2489 tulit
797 2423 975 2497 aduberes,
1002 2423 1110 2486 veluti
1137 2424 1247 2487 amico
1271 2423 1368 2486 inde·

691 2523 781 2589 fesso
798 2533 833 2587 et
850 2523 953 2606 patri,
969 2521 1028 2603 qui
1041 2521 1104 2585 filii
1120 2522 1175 2592 sui
1191 2523 1368 2587 immemor

690 2643 766 2689 esse
785 2643 855 2686 non
876 2622 1045 2698 sustinet;
1067 2621 1181 2704 ipsum
1197 2622 1287 2685 enirn
1305 2623 1366 2686 ab·

691 2723 806 2787 batem
826 2723 869 2786 de
893 2721 1152 2798 consuetudine,
1175 2722 1259 2803 quia
1281 2723 1368 2785 ami·

689 2823 847 2885 cissimus
863 2826 938 2884 erat
956 2821 1000 2897 ei,
1022 2826 1156 2903 patrem
1177 2820 1368 2903 appellavit

689 2922 917 2985 carissimum.
983 2918 1039 2983 Ex
1069 2925 1153 2984 tunc
1187 2920 1294 3002 igitur
1322 2920 1366 2984 de

689 3021 799 3085 amico
835 3019 976 3084 amicior
1015 3018 1128 3083 sactus
1156 3038 1218 3083 rex
1249 3019 1366 3082 abbati

687 3121 723 3183 in
740 3121 898 3184 omnibus
916 3117 1059 3198 agendis
1079 3119 1215 3182 exstitit
1231 3118 1368 3183 favora-

687 3219 766 3283 bilis
779 3219 978 3283 auxiliator.

267 3379 318 3391 -
363 3322 416 3415 14,
431 3343 484 3406 sed
500 3365 617 3428 rece...
664 3343 780 3407 dormit.

430 3441 579 3506 obsidento

264 3602 316 3614 -
361 3564 412 3638 15,
423 3573 457 3626 at
468 3565 616 3655 certius..
664 3564 724 3628 sed
752 3565 872 3627 statim
901 3565 975 3645 regi
1002 3563 1215 3639 adventanti,
1241 3563 1301 3644 qui
1329 3565 1366 3628 in

409 3661 618 3746 deroqaadwm
685 3663 761 3744 ipso
779 3669 889 3737 erant,
905 3681 982 3726 sese
997 3663 1116 3728 statim
1133 3661 1365 3745 reddiderunt,

303 3819 370 3872 1ΰαὶ
379 3822 543 3886 adventanti]
560 3823 615 3872 Rex
626 3837 686 3872 vero
696 3824 740 3872 vix
755 3838 805 3886 per
828 3824 972 3873 carissimas
1008 3837 1055 3886 per
1085 3823 1209 3872 famulum
1239 3825 1365 3885 quendam

266 3892 332 3940 diem
359 3893 428 3954 apud
459 3894 708 3943 westmonasterium
735 3909 803 3942 com·
827 3893 922 3941 dictum
939 3893 1086 3944 Galfridum
1104 3893 1241 3953 Hacksalt,
1260 3895 1306 3955 qui
1323 3908 1364 3943 me

266 3976 376 4024 morans,
397 3964 442 4011 ubi
464 3965 581 4013 exenium
607 3966 639 4013 ab
662 3963 753 4012 abbate
774 3964 801 4012 S.
827 3965 973 4024 scriptorem
985 3978 1062 4025 super
1072 3963 1119 4012 hoc
1127 3963 1211 4011 reddit
1220 3965 1367 4024 certiorem

266 4031 361 4081 Albani
388 4033 503 4083 Guarino
532 4035 646 4096 suscepit
675 4033 802 4082 nobilissi-
828 4033 946 4094 misitque
964 4048 1010 4082 rex
1028 4033 1139 4095 regalem
1155 4033 1306 4082 oblationem
1324 4048 1367 4082 ec·

267 4116 345 4164 mum,
361 4103 422 4163 quia
434 4117 488 4152 sese
505 4104 703 4165 praecordialiter
712 4103 803 4165 dilige·
827 4103 913 4152 clesiae
924 4104 951 4153 S.
962 4103 1058 4152 Albani
1072 4117 1146 4152 snam
1161 4103 1307 4152 excusando
1321 4103 1366 4151 ab·

265 4172 334 4221 bant.
371 4173 445 4221 Misit
460 4175 526 4221 enim
543 4175 566 4222 ei
582 4180 691 4235 quatuor
705 4187 803 4234 cuppas
828 4174 943 4222 sentiam.
979 4173 1022 4222 Ad
1039 4173 1067 4221 S.
1086 4172 1265 4221 Eadmundum
1283 4174 1365 4234 gratia

264 4246 397 4303 argenteas
411 4246 437 4292 et
448 4243 550 4291 totidem
562 4243 668 4292 annulos
679 4243 805 4292 nobilissi-
828 4242 948 4291 emtionis
958 4246 984 4290 et
994 4243 1131 4304 gratiam
1142 4243 1364 4304 persolvendarum

265 4326 319 4360 mos
330 4317 356 4360 et
366 4316 466 4362 centum
477 4313 618 4362 cochlearia
629 4318 654 4362 et
667 4327 744 4362 zonas
758 4327 804 4362 sex
828 4313 956 4374 perrexit3
974 4313 1016 4361 Ge.
1023 4317 1048 4361 et
1060 4313 1093 4362 R.
1118 4333 1120 4337 ·
