3150 4992
586 463 789 512 nucriouns
813 463 947 513 vania.
1252 447 1319 514 325

263 643 417 710 dicentes
432 645 542 729 ipsius
559 644 788 713 humilitatem
807 663 883 708 cum
902 643 1158 730 pulchritudine
1173 645 1318 710 admira·

264 744 335 822 bili,
360 746 528 828 optimam
553 744 780 831 successionis
807 751 843 810 et
868 745 1083 828 posteritatis
1110 745 1318 810 felicissimae

263 863 361 927 spem
384 851 628 926 conceperunt.
679 843 873 925 Hospitata
899 851 952 908 est
974 853 1088 908 autem
1114 843 1319 926 imperatrix

265 944 301 1007 in
331 944 439 1007 nobili
464 943 595 1026 palatio
619 961 723 1025 opere
748 943 958 1008 cementario
982 950 1180 1009 constructo
1209 942 1320 1007 archi-

265 1043 430 1124 episcopi,
458 1042 517 1106 ubi
546 1062 609 1124 per
640 1048 750 1106 totam
785 1048 921 1105 noctem
953 1040 1087 1108 choreae
1126 1042 1318 1124 puellarum

265 1141 462 1206 canentium
495 1160 573 1204 oum
613 1139 759 1204 diversis
793 1140 1032 1205 instrumentis
1067 1141 1207 1204 musicis
1241 1160 1319 1224 per-

264 1241 476 1323 strepebant,
498 1246 539 1304 ut
558 1239 635 1323 ipsa
659 1239 864 1321 imperatrix
885 1239 962 1321 ipso
983 1240 1111 1320 gaudio
1131 1239 1318 1316 foveretur,

265 1339 420 1420 glorians
454 1340 491 1404 in
529 1338 642 1403 medio
678 1336 946 1423 juvencularum
986 1339 1317 1421 tympanistriarum.

267 1437 302 1502 N
304 1457 343 1502 ec
360 1437 471 1503 defuit
486 1437 667 1519 diligentia
683 1436 832 1501 militum
854 1444 1064 1502 armatorum
1083 1457 1186 1521 super
1202 1457 1319 1502 muros

265 1544 301 1601 et
326 1536 363 1599 in
384 1537 461 1619 ipsa
484 1536 639 1614 civitate,
662 1544 806 1618 propter
826 1534 970 1600 hostiles
997 1536 1140 1600 insidias
1162 1536 1319 1600 noctibus

265 1636 523 1700 excubantium.

217 1757 292 1896 dds,
306 1759 567 1901 ddfiliumsuwm
615 1817 724 1882 filium
748 1837 850 1882 suum
872 1817 1064 1883 Henricum
1091 1838 1207 1900 regem
1235 1818 1318 1883 Ale-

637 1916 799 1980 manniae.

215 2081 266 2096 ...
310 2038 568 2123 35‚cyitsmiseri·
614 2039 883 2103 misericordiam
905 2040 1015 2122 ipsius
1046 2059 1125 2104 cum
1157 2041 1319 2124 lacrymis

384 2138 524 2202 cordiam
635 2145 672 2203 et
687 2139 909 2221 singultibus.

216 2304 266 2315 -
311 2263 363 2337 36,
374 2263 439 2326 sinc
449 2263 567 2327 maeti-
614 2281 684 2326 non
720 2261 833 2326 adhuc
876 2262 1000 2344 spiritu
1043 2271 1219 2347 conceptae
1257 2265 1318 2329 irae

382 2362 490 2426 cordia
636 2362 787 2426 maxime
803 2361 975 2443 mitigato.

218 2485 291 2560 337,
331 2487 361 2561 2,
377 2484 567 2551 cti...eoai-
616 2481 763 2546 Laxatis
785 2490 900 2547 autem
923 2484 1083 2562 vinculis,
1107 2494 1142 2550 et
1166 2486 1249 2552 loris
1273 2489 1317 2552 ob

381 2593 427 2648 ret
442 2584 555 2649 ibidus
636 2582 788 2663 regalem
814 2583 1042 2647 reverentiam
1068 2585 1318 2671 aliquantisper

636 2680 828 2759 dissolutis,
848 2681 975 2746 dicitur
996 2682 1088 2746 filius
1108 2685 1200 2767 patri
1216 2706 1317 2751 vene·

636 2800 718 2843 num
734 2800 938 2862 procurasse
951 2799 960 2859 ;
985 2801 1173 2867 superque
1190 2785 1318 2850 scelere

637 2885 833 2954 accusatus,
851 2879 997 2944 vinculis
1022 2882 1147 2946 iterum
1170 2883 1317 2949 duriori·

636 2975 701 3039 bus
736 2963 971 3058 mancipatus:
1002 2980 1150 3044 traditur
1180 2983 1317 3047 cuidam

637 3073 716 3138 duci
736 3075 993 3153 custodiendus,
1015 3079 1082 3167 qui
1097 3098 1175 3142 eum
1196 3081 1315 3146 oderat

636 3173 842 3237 inexorabili
879 3174 971 3252 odio,
1005 3177 1086 3259 quia
1120 3179 1202 3242 totis
1233 3180 1316 3244 nisi·

635 3272 701 3335 bus
715 3292 793 3335 eum
809 3283 1035 3357 proposuerat
1050 3276 1238 3359 praedictus
1253 3300 1316 3344 rex

637 3371 812 3436 Henricus
843 3372 1077 3453 exhaeredare,
1112 3375 1172 3440 sed
1212 3398 1314 3456 nunc,

636 3471 794 3536 revoluta
812 3480 889 3538 rota
904 3473 1064 3552 fortunae,
1082 3475 1231 3540 traditur
1252 3499 1317 3543 rex

634 3570 776 3635 arbitrio
793 3571 889 3636 ducis
905 3572 1181 3641 incarcerandus.
1216 3577 1315 3643 Misit

634 3668 741 3752 igitur
756 3669 944 3755 imperator
960 3693 1023 3755 pro
1037 3673 1266 3757 imperatrice,
1275 3684 1316 3742 ut

634 3769 678 3832 ad
709 3789 786 3834 eum
813 3770 904 3855 apud
935 3772 1162 3839 Wermesiam
1193 3796 1316 3860 prope-

634 3874 739 3932 raret.

216 4036 267 4048 ..
311 3996 363 4070 13,
371 3990 494 4077 puella
611 3991 798 4074 puellaris3
834 3993 929 4058 illam
958 3994 1060 4074 enim,
1094 4003 1135 4060 ut
1163 3998 1315 4065 crebrius

306 4139 312 4148 .
381 4112 475 4177 quum
632 4091 780 4177 audivit.

216 4258 267 4275 ....
312 4220 365 4294 15,
382 4214 496 4281 itidem
612 4213 705 4278 addit
720 4212 848 4293 Paris,
865 4217 1120 4283 matrimonium
1140 4219 1314 4287 initiatum

201 4323 205 4329 ·
635 4314 914 4379 consummando.
1317 4321 1321 4328 '
