3150 4992
226 445 293 510 198
607 465 808 513 nncrronns
834 463 970 513 vanis.

282 645 497 727 tyrannidem
527 646 689 725 Falcasii,
725 646 848 728 fasque
883 645 1049 728 nefasque
1078 644 1332 722 confundentis,

281 743 376 809 dedit
400 745 509 809 eidem
535 753 686 810 castrum
713 744 884 810 Bedesord
914 753 949 808 et
976 745 1125 809 nobilem
1154 745 1331 808 mulierem

283 843 519 926 Margaretam
549 846 592 910 de
620 846 775 928 Ripariis
804 840 846 911 'in
872 864 1030 921 uxorem,
1063 864 1140 908 cum
1173 845 1332 908 omnibus

280 946 554 1026 possessionibus
584 964 660 1009 eam
685 944 977 1026 contingentibus
1007 952 1044 1007 et
1069 950 1180 1010 terras
1205 944 1332 1008 multo·

282 1063 358 1106 rum
382 1045 548 1108 baronum
573 1042 726 1127 Angliee,
747 1051 787 1122 ut
808 1043 960 1108 omnium
986 1043 1072 1107 iram
1094 1044 1131 1106 in
1153 1062 1191 1106 se
1208 1061 1332 1124 aggra-

282 1143 396 1207 vando
423 1151 639 1227 provocaret.
691 1143 821 1208 Eodem
850 1161 942 1220 anno
965 1142 1156 1207 consecrati
1189 1143 1332 1205 suntin

283 1243 464 1325 episcopos
490 1239 685 1308 Willelmns
715 1243 759 1306 de
790 1242 978 1307 Cornehull
1006 1243 1062 1306 die
1091 1241 1334 1306 Conversionis

283 1343 395 1405 sancti
409 1342 513 1405 Pauli
527 1343 563 1405 in
578 1341 809 1418 cestrensem,
826 1343 991 1424 magister
1010 1341 1230 1414 Benedictus,
1248 1360 1333 1421 prae-

284 1448 404 1505 centor
442 1443 553 1506 sancti
594 1441 697 1506 Pauli
733 1441 974 1518 LondincnsiS,
1010 1450 1134 1505 octavo
1172 1439 1333 1504 calendas

285 1537 406 1604 Martii
438 1541 473 1604 in
506 1541 716 1615 Roffensem,
747 1541 914 1622 magister
947 1540 1156 1617 Richardus,
1186 1540 1335 1604 decanus

285 1638 569 1716 Saresbnriensis‚
586 1642 621 1704 in
638 1640 900 1704 cicestrensem.

242 1787 299 1824 PAG.
323 1789 376 1826 [ΙΝ.

235 1869 308 1945 350,
329 1869 383 1944 ll,
398 1866 482 1930 illud
499 1913 506 1927 .
525 1913 532 1927 .
551 1914 557 1927 .
576 1915 582 1928 .
631 1867 696 1930 sibi
714 1865 810 1929 reddi
826 1873 871 1928 ct.

399 1967 492 2030 etiarn

235 2093 311 2165 351,
331 2092 382 2167 ll,
396 2109 537 2154 aromate
632 2088 868 2171 supponendo.

398 2189 492 2253 wado

125 2371 127 2382 .
233 2357 284 2369 -
329 2318 380 2393 13,
396 2313 570 2380 decorando
632 2315 815 2392 vastando,
832 2335 980 2398 quaeque
1003 2316 1068 2379 sibi
1084 2317 1198 2394 obvia,
1213 2317 1335 2380 Domi-

402 2415 572 2481 ...soert's
654 2436 734 2480 num
760 2422 796 2479 et
821 2414 1089 2480 misericordiam
1110 2415 1152 2479 de
1173 2418 1334 2498 pauperi-

401 2513 530 2577 oestt'les
653 2517 719 2579 bus
735 2515 986 2597 postponendo,
997 2515 1168 2579 contrivit.
1202 2514 1335 2597 Coope-

396 2613 568 2686 miranter,
654 2620 798 2677 ruerunt
809 2615 898 2677 enim
911 2615 1000 2678 sicut
1013 2615 1157 2678 locustae
1168 2614 1334 2677 satellites

384 2710 584 2795 capiebantur
654 2712 831 2789 Sathanae,
861 2713 1008 2776 ministri
1038 2712 1179 2789 diaboli,
1205 2713 1265 2795 qui
1290 2714 1334 2777 ad

654 2811 718 2877 hoc
759 2818 858 2875 erant
893 2810 996 2875 etiam
1036 2832 1057 2877 a
1094 2812 1332 2876 remotioribus

653 2911 810 2994 partibus
833 2912 1047 2992 congregati,
1073 2910 1194 2975 faciem
1221 2918 1332 2975 terrae.

654 3008 852 3074 Sufficiebat
873 3010 916 3074 ad
945 3029 1085 3074 causam
1112 3010 1231 3074 mortis
1252 3012 1334 3073 sim·
1452 3065 1454 3067 .

654 3109 801 3193 plicibus
832 3110 953 3175 incolis
985 3109 1014 3172 si
1045 3109 1173 3192 aliquid
1207 3108 1333 3174 habere

654 3209 896 3288 credebantur3
924 3209 1031 3290 etqui
1046 3208 1130 3271 nihil
1149 3208 1332 3284 habebant,

655 3308 755 3372 fateri
786 3308 913 3372 habere
943 3299 1177 3388 cogebantur}
1211 3314 1247 3370 et
1275 3308 1334 3390 qui

654 3427 722 3473 non
748 3408 911 3485 habebat,
935 3405 1072 3482 habere,
1099 3413 1139 3469 ut
1161 3407 1335 3489 persolve-

654 3514 717 3581 ret,
730 3507 843 3589 poenis
857 3505 1039 3589 exquisitis
1051 3505 1334 3587 distringebatur.

654 3604 905 3669 Discurrebant
926 3605 1040 3669 sicarii
1064 3604 1158 3668 caede
1184 3603 1335 3669 humana

654 3705 837 3779 cruentati,
848 3705 1036 3785 noctivagi,
1045 3703 1259 3780 incendiarii,
1273 3704 1334 3766 filii

657 3802 781 3878 Belial,
805 3803 934 3866 strictis
958 3804 1109 3880 ensibus,
1127 3809 1165 3866 ut
1181 3802 1335 3866 delerent
1431 3864 1436 3870 .

655 3920 676 3964 a
695 3902 782 3965 facie
798 3906 911 3978 terrae,
936 3904 979 3965 ab
1001 3901 1138 3966 homine
1159 3921 1269 3984 usque
1292 3902 1336 3964 ad

654 4021 771 4083 pecus,
804 4001 919 4064 omnia
946 4000 1105 4064 humanis
1131 4001 1250 4064 usibus
1275 4021 1336 4064 ne·

654 4101 824 4179 cessaria;
856 4099 1057 4182 eductisque
1086 4099 1247 4177 cultellis
1270 4099 1335 4163 vil·
1572 4168 1573 4187 χ

657 4199 720 4278 laS,
731 4199 863 4275 domos,
873 4199 1250 4275 coemeteria,ecclesias
1262 4218 1336 4280 per·
1567 4232 1573 4369 Ι

1570 4434 1573 4571 l
