3150 4992
270 471 314 534 51)
645 482 843 530 anemonas
867 481 1001 529 varis.

283 611 340 650 Ple.
363 610 415 647 Uli.

274 677 348 749 155,
365 673 419 746 32,
438 669 525 734 aar
543 717 551 732 .
569 717 575 731 .
594 716 623 730 ..
672 668 800 734 fluvius
817 668 922 732 estin
938 686 1007 750 qno
1023 666 1143 732 lesus.

429 769 562 852 flumine

275 898 348 975 156,
386 899 419 970 8,
435 890 516 958 undo
671 889 807 954 ibidem.

271 1064 323 1076 ..
367 1022 418 1098 16,
435 1017 572 1100 Halysaeo
597 1025 626 1080 11
674 1014 788 1077 There
821 1012 956 1077 follows
984 1013 1020 1076 in
1053 1013 1112 1076 the
1148 1012 1264 1095 Royal
1296 1013 1374 1077 MS.

437 1116 546 1183 Abolla
696 1113 805 1177 ‘Haec
819 1119 934 1176 autem
946 1132 990 1176 ex
1006 1113 1094 1176 libro
1108 1113 1313 1177 venerabilis
1329 1114 1376 1177 vi-

695 1215 725 1278 ri
739 1213 918 1289 Willelmi,
935 1212 1101 1294 Tyrensis
1115 1211 1376 1295 archiepiscopi,

696 1313 872 1394 exscripta
889 1312 932 1375 de
949 1312 1167 1394 captionibus
1180 1310 1375 1377 Antiochiae

695 1421 731 1477 et
749 1412 958 1488 Jerusalem,
982 1413 1040 1475 nbi
1058 1411 1131 1475 dux
1160 1410 1375 1476 Narmannc-

695 1533 771 1575 rum
788 1511 963 1575 Robertus
978 1531 1056 1574 cum
1073 1512 1147 1574 suis
1164 1511 1376 1576 Nnrmannis

696 1621 731 1676 et
757 1610 885 1692 Anglis
918 1612 1032 1676 locum
1061 1611 1174 1674 tenuit
1206 1611 1375 1692 potiorem

695 1719 730 1775 et
752 1711 828 1775 sine
852 1711 978 1798 quibus
999 1710 1086 1774 nihil
1111 1711 1277 1774 memoria
1302 1711 1376 1793 dig·

697 1831 779 1875 num
797 1818 936 1893 pactum
952 1817 1017 1886 est,
1030 1808 1215 1875 sufficiant.
1246 1810 1375 1894 siquis

696 1909 872 1974 residuum
893 1910 973 1973 libri
998 1909 1087 1972 alius
1111 1929 1245 1974 necnon
1264 1917 1300 1974 et
1325 1911 1377 1973 al·

697 2011 804 2074 terius
821 2010 900 2072 libri
914 2010 948 2072 in
960 2028 1030 2092 qno
1048 2008 1218 2073 mirabilia
1234 2009 1377 2074 orientis

698 2117 733 2173 et
748 2111 807 2174 lex
830 2109 1041 2173 Machameti
1062 2109 1374 2191 pseudoprophetae

695 2211 926 2284 continentur,
946 2229 1048 2291 quem
1065 2208 1156 2272 idem
1179 2208 1375 2273 Willelmus

697 2310 739 2372 de
763 2308 924 2372 Arabicis
950 2308 1097 2372 fideliter
1119 2328 1161 2372 ac
1181 2306 1374 2373 luculenter

697 2409 952 2491 exemplaribus
975 2408 1155 2472 transtulit
1179 2417 1215 2471 et
1237 2409 1377 2491 scripsit

695 2509 739 2575 in,
757 2508 904 2584 Latinis,
931 2507 1098 2590 inspicere
1120 2508 1179 2590 qui
1203 2506 1376 2574 desiderat

695 2607 787 2689 apud
812 2608 845 2671 S.
867 2607 1040 2671 Albanum
1064 2608 1204 2670 sedulus
1224 2609 1376 2673 inveniet

695 2705 916 2789 explorator!
958 2706 1056 2771 Then
1085 2727 1130 2770 on
1157 2707 1214 2770 the
1242 2710 1377 2789 margin

694 2808 741 2889 by
764 2807 822 2870 the
845 2826 940 2871 same
963 2806 1069 2883 hand,
1093 2805 1226 2870 ‘Hunc
1248 2807 1373 2872 librum

695 2907 775 2970 tulit
812 2908 918 2987 episc.
946 2906 1101 2971 Winton.
1136 2905 1178 2969 P.
1207 2905 1249 2970 de
1281 2914 1375 2971 terra

693 3014 827 3083 sancta,
854 3026 956 3088 quem
979 3007 1040 3071 vix
1065 3005 1125 3088 qni
1150 3006 1225 3071 haee
1252 3007 1375 3090 scripsi

693 3108 737 3170 ab
754 3107 873 3170 eodem
891 3106 1097 3188 impetravi’

274 3273 324 3285 -
369 3231 420 3308 26,
436 3232 572 3296 11111111
671 3229 855 3294 dixissent.

276 3355 350 3431 157,
368 3349 624 3439 24‚Nocasores-
673 3353 812 3418 Novam
830 3354 1005 3419 forestam.

438 3464 472 3518 tc

276 3582 350 3654 158,
370 3575 624 3661 1111111111-
671 3577 788 3641 111111.

442 3686 488 3740 ret

274 3843 325 3854 -
368 3803 421 3880 32,
439 3801 600 3866 somniasse
671 3801 764 3866 addit
779 3802 903 3882 Paris,
921 3804 1010 3868 Item
1026 3806 1208 3872 videbatur
1225 3809 1297 3890 regi
1315 3829 1376 3892 per

694 3905 866 3967 somnium
881 3913 982 3969 nocte
1003 3907 1163 3987 proxima
1183 3917 1264 3972 ante
1284 3910 1374 3972 diem

693 4004 814 4066 mortis
839 4024 923 4080 suae,
955 4005 1047 4088 quod
1078 4007 1166 4070 vidit
1189 4028 1295 4071 unum
1323 4009 1374 4071 in·
1463 4011 1467 4016 ’

695 4101 825 4166 fantem
851 4104 1118 4186 pulcherrimum
1139 4127 1243 4190 super
1264 4108 1376 4173 altare

694 4202 880 4283 quoddam,
915 4214 950 4268 et
982 4205 1125 4286 cupiens
1159 4217 1194 4271 et
1220 4210 1375 4272 esuriens
