3150 4992
236 465 280 532 68
609 475 812 526 cucurouns
840 476 974 526 vnnrn.

290 665 418 732 bantur
441 663 486 728 ab
501 661 569 728 hiis
583 659 730 736 duobus,
745 659 805 743 qui
825 657 953 724 ibidem
968 658 1144 744 quiescere
1161 657 1343 721 dinoscun-

243 813 247 818 -
291 765 371 830 tur!
423 761 571 828 110149.

250 889 310 928 PAO.
338 887 390 926 ml.

243 953 320 1026 233,
338 953 392 1028 13,
410 969 465 1013 roc
641 964 718 1008 curn
735 965 811 1009 rex.

242 1111 295 1127 -
338 1075 391 1151 14,
398 1080 564 1158 pertrans·
642 1069 880 1151 pertransiret.

411 1193 477 1236 wne

244 1334 296 1346 -
339 1300 394 1373 23,
410 1315 524 1382 thqlw
643 1286 760 1370 igitur.

248 1425 322 1499 235,
341 1424 394 1498 28,
409 1419 566 1484 remmus
643 1413 872 1494 proscriptus.

248 1548 322 1626 236,
340 1542 400 1624 17,·
411 1543 525 1630 recepit
644 1536 720 1600 The
738 1534 879 1599 Cotton.
891 1533 1103 1621 MS.adgls,·‘
1117 1535 1244 1600 Obitus
1261 1534 1346 1599 Gal-

668 1635 748 1699 sridi
764 1634 807 1701 dc
822 1634 1052 1712 Mandavilla,
1073 1636 1168 1701 xviii.
1188 1634 1258 1698 kal.
1277 1634 1346 1699 Oc-

669 1735 788 1834 tubris.
841 1733 1034 1830 Galsridus,
1051 1754 1166 1799 comes
1181 1733 1346 1817 Audega·

608 1931 610 1935 ι
671 1834 799 1910 vensis,
815 1834 909 1917 cepit
924 1832 1199 1898 Normanniam.'

250 1964 324 2044 238,
341 1965 394 2038 21,
411 1981 554 2026 wasers
648 1957 841 2022 excusavit.

407 2061 515 2146 potuit
717 2147 721 2154 Ι

251 2188 326 2261 240,
345 2182 397 2261 27,
412 2184 467 2269 qui
649 2200 767 2263 quum.

250 2311 326 2387 241,
371 2306 400 2386 7,
417 2309 462 2372 ad
474 2305 578 2372 tubam
649 2305 768 2370 want.

254 2436 330 2509 242,
369 2435 398 2510 2,
415 2433 587 2518 quontitate
650 2427 740 2494 dana
806 2432 812 2440 “

254 2555 329 2631 244,
346 2556 398 2630 21,
415 2552 508 2642 eoepit
650 2550 743 2615 addit
757 2550 1091 2628 Paris.,Translatio
1101 2556 1212 2620 sancti
1223 2554 1353 2620 Erken-

674 2650 777 2716 waldi
802 2651 968 2734 episcopi,
988 2651 1120 2719 decimo
1142 2661 1267 2721 octavo
1288 2653 1352 2718 ka-

672 2749 793 2814 lendas
809 2750 1023 2818 Decembris.

254 2873 331 2948 245,
349 2945 350 2948 ,
370 2872 402 2947 3,
419 2868 555 2936 comitem
652 2873 786 2938 ducem.

255 3037 305 3047 -
369 3032 397 3046 -
420 3001 489 3057 orta
505 3001 548 3057 est
653 2996 746 3060 addit
778 2989 904 3076 Paris„
936 2997 1105 3063 Reversio
1134 2999 1352 3084 imperatoris

674 3094 862 3160 Alemanni
874 3104 910 3168 et
925 3099 1018 3180 regis
1030 3097 1157 3164 Galliac
1171 3101 1214 3164 de
1229 3101 1354 3166 Hierc

676 3195 829 3278 solymis.
891 3197 1079 3267 Lexebona
1113 3206 1224 3281 capta·
1247 3208 1354 3286 esta

676 3294 895 3360 Christianis.
914 3293 1116 3384 ¹Gilebertus
1129 3283 1244 3364 Fcliot
1253 3298 1353 3363 effici-

676 3401 734 3457 tur
749 3395 933 3479 episcopus
952 3395 1228 3466 Heresordcnsis.

256 3551 307 3562 —-
352 3512 406 3589 17,
415 3515 548 3602 pacifice
654 3518 802 3601 pacifici.

256 3678 308 3693 ...
350 3639 404 3714 22,
428 3636 494 3700 dua
520 3637 609 3702 Nor·
654 3639 747 3704 addit
764 3639 890 3718 Paris,
906 3639 987 3705 Hoc
1005 3660 1096 3705 anno
1113 3641 1194 3724 gelu
1214 3645 1321 3726 coepit
1335 3664 1358 3708 a

424 3756 609 3802 maranorum
678 3746 803 3821 quarto
828 3740 906 3802 idus
926 3739 1126 3804 Decembris
1150 3741 1280 3805 durans
1299 3763 1357 3806 us·

679 3857 746 3918 que
755 3839 800 3902 ad
817 3838 1033 3902 undecimum
1047 3836 1215 3904 kalendas
1225 3841 1356 3918 Martii,

679 3945 714 4000 et
728 3937 884 4001 Tamisia
900 3937 950 4001 sic
962 3938 1080 4020 gelata
1093 3945 1200 4003 estut
1215 3939 1302 4020 pede
1322 3948 1358 4005 et

678 4053 768 4115 equo
789 4036 1007 4100 transiretur.
1060 4036 1141 4100 Rex
1163 4037 1358 4120 Stephanus

679 4133 831 4210 firmavit
842 4135 1024 4199 castellum
1040 4136 1131 4220 apud
1146 4134 1358 4221 Radingum.

258 4291 310 4304 --
354 4257 407 4332 33,
422 4253 584 4320 uniuersus
656 4253 755 4320 deest.
