3150 4992
250 467 295 532 36
582 499 584 504 -
625 482 827 528 uncrionns
851 481 984 528 vnnrn.
1050 447 1053 453 ’

254 609 310 645 PAO.
347 609 399 645 ult.

253 673 308 744 82,
349 673 401 744 31,
417 667 469 732 ssd
479 667 606 732 ..missi
657 687 701 730 ex
719 667 845 750 quibus
862 686 961 730 unns.

411 769 546 852 fuerant

257 895 311 968 83,
374 893 404 968 3,
420 891 454 954 in
481 898 567 953 arcto
658 894 694 956 in
710 911 881 955 carcerem
900 890 1132 954 detrudentes.

415 997 561 1074 ponentes

258 1161 310 1171 —
377 1119 407 1191 5,
423 1113 492 1178 illos
661 1110 831 1173 obsessos.

259 1283 310 1293 -
377 1240 407 1314 6,
423 1239 458 1301 in
479 1236 613 1301 crastino
662 1239 797 1298 statuto
812 1233 879 1296 die.

261 1407 311 1416 -
356 1365 408 1438 ll,
424 1359 519 1424 multo
536 1408 543 1422 .
560 1408 567 1422 .
583 1407 612 1421 ..
663 1355 817 1418 maximo
845 1356 881 1418 in
909 1375 969 1419 eas
996 1354 1165 1419 irruerent
1191 1355 1363 1435 legiones3

429 1482 497 1523 cnm
513 1481 574 1522 eccs
686 1455 812 1535 quibus
826 1454 1083 1531 invadentibus,
1105 1455 1301 1536 nostrisque
1315 1454 1367 1517 vi·

686 1554 796 1620 riliter
835 1553 1085 1631 resistentibus,
1119 1562 1266 1617 conatus
1301 1553 1368 1615 ini·

687 1654 855 1716 micorum
871 1653 1076 1717 mirabiliter
1091 1653 1261 1717 confracti
1274 1659 1368 1727 suut,

689 1759 728 1815 ut
759 1752 899 1816 aciebus
932 1752 1121 1828 dissolutis,
1152 1752 1227 1835 jam
1262 1770 1299 1813 se
1333 1751 1369 1813 in

688 1851 793 1934 pedes
811 1851 980 1935 conjicere
997 1858 1211 1932 cogerentur.
1256 1849 1336 1913 Sed.

263 2015 314 2026 -
359 1974 410 2047 22,
427 1993 473 2036 eos
667 1973 830 2058 reliquos.

265 2139 315 2148 -
359 2098 411 2171 32,
427 2096 521 2161 sic...
535 2096 618 2158 omni
669 2099 724 2162 Ex
742 2099 836 2162 omui
850 2098 979 2180 itaque.

265 2262 315 2272 -
360 2222 412 2297 33,
429 2219 549 2283 collato
561 2228 603 2282 ast
668 2222 782 2285 cincta
798 2229 853 2286 est
867 2222 1034 2285 militibus
1049 2223 1209 2286 strenuis

265 2380 317 2389 —
361 2346 415 2419 34,
431 2343 580 2407 mititiam
594 2390 617 2406 ..
668 2345 796 2410 milites
813 2346 1059 2428 praeclariores.

427 2442 619 2526 preclaram

266 2606 317 2618 —
363 2565 455 2644 sna
468 2567 620 2630 machinis
668 2585 712 2629 ex
728 2565 771 2628 iis
789 2565 883 2628 mille
907 2565 1024 2646 capita
1043 2564 1211 2628 machinis
1230 2564 1374 2627 immen-

430 2666 575 2730 t'mmissc's
690 2665 750 2728 sis.

267 2830 318 2841 -
362 2827 405 2835 —
423 2788 619 2854 milis...ds'·
669 2788 837 2872 quosdam
866 2796 981 2851 autem
1005 2787 1220 2870 captivorum
1241 2786 1284 2850 ad
1311 2787 1376 2849 im-

433 2890 560 2974 rt'ysntcs
691 2894 884 2970 potatorem
900 2888 1076 2952 miserunt.

270 3012 326 3084 34,
387 3007 416 3087 7,
432 3011 612 3096 impupnos-
670 3013 925 3094 impugnarent.

434 3118 499 3174 sent

270 3274 320 3284 -
365 3231 623 3316 25,dcfhnsionem
672 3232 903 3296 defensionem
920 3230 1064 3294 civibus.

271 3362 323 3433 85,
385 3359 417 3431 4,
434 3356 585 3420 victualia
674 3363 912 3419 commeatum.

272 3524 322 3533 -
390 3477 418 3554 7,
436 3489 616 3565 aspernante
675 3479 798 3543 media.

389 3607 420 3678 9,
437 3612 466 3666 st
675 3611 763 3685 post.

274 3771 324 3780 -
389 3768 415 3776 -
429 3735 626 3790 sustentantes
676 3727 908 3810 adimplerunt
925 3733 959 3789 et
975 3745 1063 3789 cum.

369 3855 421 3932 20,
437 3852 471 3915 in
487 3852 626 3936 despero
676 3850 914 3933 desperatione
930 3855 1106 3946 concepta.

420 3953 529 4014 tionem
540 3973 627 4014 corsa

275 4119 325 4129 -
371 4073 627 4159 serapoeum
677 4077 780 4151 capta
795 4088 932 4151 quoque
947 4087 1036 4131 cum.

274 4243 325 4252 —
371 4200 422 4275 26,
439 4206 616 4262 commatre
677 4193 794 4256 desunt.
