3150 4992
240 481 305 544 152
611 492 811 541 uncriouns
837 491 968 540 vnum.

245 674 381 738 auditas
409 675 573 739 solvendo
604 685 639 740 et
666 677 843 757 eleganter
871 675 1112 753 dilucidando;
1147 682 1200 739 tot
1224 673 1345 739 habuit

244 774 431 852 auditores,
453 783 537 858 quot
560 776 808 858 amplissimum
830 777 998 858 palatium
1020 776 1135 856 potuit
1156 775 1343 839 continere.

245 872 326 937 Una
357 875 464 957 igitur
495 875 625 938 dierum
653 895 730 938 cum
757 874 859 937 nimis
884 875 1063 958 profundis
1087 875 1280 938 rationibus
1307 876 1344 938 in

244 973 392 1037 medinm
418 976 603 1056 propositis
621 975 663 1038 de
687 974 859 1038 Trinitate
881 975 1103 1038 subtilissime
1120 974 1343 1056 disputasset,

245 1080 280 1134 et
295 1073 403 1138 dilata
418 1074 540 1138 fnisset
555 1075 794 1138 determinatio
816 1094 926 1156 usque
948 1074 1209 1150 incrastinum,
1227 1093 1343 1137 omues

244 1171 398 1254 theologi
417 1173 590 1236 scholares
610 1174 645 1236 in
669 1173 823 1249 civitate,
847 1174 1044 1255 praemuniti
1068 1173 1111 1237 ad
1136 1172 1343 1237 audiendum

244 1278 298 1336 tot
328 1273 556 1354 quaestionum
587 1272 881 1354 inexplicabilinm
914 1272 1116 1349 solutiones,
1152 1273 1196 1336 ad
1235 1273 1344 1354 ipsius

244 1369 410 1434 famosam
433 1372 586 1436 scholam
612 1371 769 1436 certatim
795 1391 837 1434 ac
862 1373 1066 1436 catervatim
1092 1372 1344 1436 confluxerunt.
1405 1363 1408 1367 ’

246 1469 499 1535 Determinavit
526 1473 632 1553 igitur
656 1472 822 1551 magister
858 1491 977 1535 omnes
1012 1479 1198 1554 praetactas
1231 1491 1345 1555 quaes-

245 1569 368 1646 tioueS,
396 1578 430 1634 et
461 1590 540 1653 quae
570 1571 776 1635 videbantur
809 1572 967 1634 omnibus
994 1571 1241 1648 inenodabiles,
1272 1580 1345 1635 tam
1449 1631 1453 1636 .

245 1668 405 1746 dilucide,
432 1676 502 1734 tarn
529 1671 715 1752 eleganter,
744 1678 815 1733 tam
836 1671 1016 1747 catholice,
1043 1677 1081 1734 nt
1105 1690 1223 1734 omnes
1246 1671 1344 1734 audi-

246 1775 338 1831 tores
370 1769 528 1833 redderet
554 1769 778 1852 stupefactos.
837 1770 883 1834 Et
914 1777 995 1851 post
1025 1770 1345 1834 determinationem

247 1875 467 1932 accesserunt
484 1869 623 1951 quidam
644 1869 753 1952 ipsius
773 1868 1012 1932 familiariores
1034 1877 1070 1932 et
1086 1870 1130 1933 ad
1147 1869 1345 1934 discendnm

248 1966 432 2046 avidiores,
456 1968 671 2051 postulantes
696 1988 717 2031 a
733 1969 912 2050 magistro,
935 1976 1032 2033 uteo
1055 1969 1208 2032 dictante
1232 1989 1344 2052 quaes·

245 2067 358 2130 tiones
380 2068 489 2132 literis
512 2068 803 2145 commendarent,
824 2068 986 2133 dixerunt
1002 2087 1151 2151 namque
1167 2069 1344 2150 indignum

246 2185 322 2230 esse
350 2175 385 2231 et
401 2167 575 2250 jacturam
600 2168 892 2231 irrestaurabilem
915 2167 946 2230 si
965 2169 1130 2231 memoria
1156 2175 1262 2232 tantae
1279 2172 1345 2233 sci·

247 2267 349 2329 entiae
372 2266 553 2348 deperiret.
607 2267 742 2344 Quibus
765 2267 839 2350 ipse
865 2267 989 2342 elatus,
1012 2276 1048 2331 et
1070 2267 1181 2350 major
1202 2269 1267 2331 sibi
1295 2289 1345 2346 se,

249 2365 298 2428 ait
323 2367 432 2430 oculis
454 2366 643 2430 sublevatis
676 2374 710 2431 et
738 2375 866 2430 temere
896 2367 1030 2430 solutus
1060 2367 1096 2429 in
1129 2367 1345 2446 cachinnum,

248 2469 256 2496 ‘
275 2463 305 2526 Ο
323 2464 346 2527 J
350 2466 456 2541 esule,
474 2466 497 2529 J
500 2466 606 2542 esule,
622 2472 789 2547 quantum
805 2467 841 2529 in
857 2465 921 2529 hac
936 2467 1130 2548 quaestione
1145 2467 1345 2532 confirmavi

246 2562 357 2643 legem
376 2571 471 2627 tuam
498 2572 533 2627 et
552 2564 726 2642 exaltavi3
750 2565 917 2646 profecto,
938 2567 968 2628 si
985 2565 1207 2646 malignando
1229 2575 1264 2630 et
1286 2568 1344 2630 ad-

246 2662 418 2725 versando
452 2663 586 2739 vellem,
617 2662 817 2726 fortioribus
845 2665 1037 2728 rationibus
1066 2673 1102 2728 et
1134 2668 1346 2747 argumentis

247 2761 369 2824 scirem
398 2761 492 2824 illam
518 2763 691 2825 infirmare
720 2768 754 2826 et
781 2763 1003 2844 deprimendo
1032 2764 1249 2846 improbare!
1300 2766 1347 2829 Et

247 2858 312 2923 hoc
332 2860 424 2924 dicto
440 2861 588 2942 elinguis
611 2861 747 2942 penitus
771 2863 955 2940 obmutuit,
974 2883 1043 2926 non
1063 2871 1197 2927 tantum
1218 2872 1347 2942 mutus,

248 2959 308 3022 sed
333 2959 441 3024 idiota
463 2970 498 3024 et
522 2961 704 3024 ridiculose
725 2961 930 3038 infatuatus,
951 2983 1014 3026 nec
1041 2970 1164 3044 postea
1187 2965 1272 3045 legit
1290 2966 1346 3028 vel

248 3057 512 3138 determinavit3
536 3070 571 3124 et
589 3060 701 3124 factus
719 3069 772 3124 est
794 3062 829 3123 in
851 3063 987 3125 sibilum
1011 3070 1046 3125 et
1064 3062 1213 3125 derisum
1237 3065 1348 3127 omni·

248 3158 326 3235 bus,
341 3161 400 3242 qui
415 3159 480 3222 hoc
495 3160 686 3224 audierant.
735 3159 803 3224 Vir
815 3161 922 3242 igitur
935 3161 1027 3224 intra
1040 3160 1213 3224 biennium
1229 3163 1348 3227 didicit

249 3257 367 3322 literas
389 3278 607 3340 cognoscere,
635 3267 682 3336 et,
705 3259 835 3324 ultione
862 3261 1113 3342 aliquantulum
1131 3262 1301 3342 mitigata,
1325 3282 1347 3326 a

249 3357 403 3420 filiosuo
430 3359 578 3439 quodam
603 3359 786 3440 diligenter
812 3359 989 3436 edocente,
1012 3361 1073 3423 vix
1101 3361 1215 3442 potnit
1240 3362 1348 3426 Pater

248 3463 366 3520 noster
398 3464 432 3521 et
467 3456 665 3538 Symbolum
701 3458 845 3535 discere,
879 3460 1037 3536 retinere,
1063 3466 1098 3522 et
1124 3459 1347 3524 balbutiendo

248 3556 483 3636 pronuntiare.
537 3554 617 3619 Hoc
639 3557 746 3637 igitur
774 3558 976 3621 miraculum
1001 3559 1186 3622 multorum
1214 3561 1348 3624 schola·

247 3654 335 3716 rium
363 3655 554 3736 suppressit
580 3657 825 3736 arrogantiam,
850 3665 886 3720 et
902 3656 1108 3740 jactantiam
1136 3659 1346 3724 refraenavit.

249 3751 339 3815 Haec
374 3753 460 3817 vidit
493 3754 658 3835 magister
696 3754 864 3818 Nicolaus
900 3755 943 3819 de
971 3751 1092 3833 ¹Fulii,
1124 3759 1178 3820 vir
1210 3778 1347 3840 magnae

250 3852 479 3929 auctoritatis,
512 3854 572 3935 qui
603 3862 724 3936 postea
754 3855 935 3938 episcopus
962 3855 1205 3920 Dunelmensis
1234 3857 1347 3923 factus

248 3951 339 4029 fuit;
362 3971 407 4015 ex
423 3952 522 4035 cujus
540 3954 650 4016 relatu
669 3962 704 4017 et
720 3961 815 4017 certo
831 3955 1028 4019 testimonio
1045 3956 1118 4019 haec
1135 3957 1244 4020 literis
1258 3978 1347 4021 corn-

249 4051 422 4128 mendavi,
441 4072 484 4115 ne
501 4061 656 4116 vetustas
674 4061 810 4117 tautum
825 4055 1025 4118 miraculum
1045 4056 1210 4133 aboleret,
1229 4057 1346 4121 eodem
1442 4057 1447 4063 ’

634 4274 742 4340 walia]
760 4278 898 4338 Femham;
919 4280 950 4329 C.
