3150 4992
602 449 804 501 necemus
827 451 962 500 venne.
1272 439 1337 503 101

227 577 302 714 444,
321 577 375 713 2114,
392 637 570 700 vulneratus
627 635 781 717 graviter
793 636 1006 701 vulneratus.

224 803 276 813 -
321 760 372 839 27,
382 763 495 846 seqare
628 758 857 836 addeParis„
872 779 949 823 eum
965 761 1169 825 catervatim
1182 769 1332 826 ruerent.

227 863 301 960 440,
342 886 371 962 1,
388 885 511 969 Aeyliae
627 879 719 943 addit
735 880 862 958 Parim,
884 883 945 965 qui
965 890 1048 946 tune
1071 883 1161 947 sorte
1185 903 1247 966 per
1269 885 1331 948 du-

649 998 723 1042 cem
741 981 891 1062 peritum
905 982 1045 1065 impune
1063 984 1283 1046 transierant.

226 1141 277 1152 -
343 1102 372 1176 2,
389 1101 517 1184 denique
627 1124 718 1169 vero.

225 1265 275 1274 -
342 1227 374 1298 8,
391 1233 526 1307 temper
627 1235 673 1292 et.

226 1388 277 1397 —
322 1349 373 1424 10,
389 1349 548 1436 seeeyieta
626 1352 869 1434 quadraginta.

227 1510 277 1522 -
323 1473 374 1547 15,
385 1479 577 1555 castumque
624 1475 743 1540 demet.

392 1616 423 1633 ..
442 1617 450 1634 .
469 1571 576 1634 Moes-

390 1668 483 1732 belles

224 1835 275 1846 -
319 1795 371 1868 22,
386 1794 551 1856 Dereemee
625 1791 889 1857 Dorcesmuthe.

225 1959 275 1968 -
320 1918 372 1992 26,
391 1925 454 1978 tam
477 1917 576 1980 armis
626 1934 704 1978 cum
749 1923 830 1998 post
870 1917 985 1980 varios
1026 1937 1140 1980 rerum
1184 1923 1327 1982 eventus

394 2015 576 2079 ...idoneis
649 2013 881 2079 Ulixebonam
909 2017 1156 2096 pervenissent,
1184 2025 1254 2080 tam
1274 2035 1327 2078 ar-

648 2114 711 2175 mis
727 2099 831 2195 quem
849 2115 1043 2178 hominibus
1058 2117 1240 2179 roboratae.

225 2239 299 2314 441,
337 2242 367 2314 5,
381 2238 565 2304 solwnmodo
625 2242 760 2299 tantum
782 2283 809 2300 ..
828 2285 836 2300 .
853 2237 1090 2301 concederent.

386 2385 393 2400 .
412 2385 418 2400 .
434 2386 441 2401 .
459 2359 573 2402 eonces-

384 2437 491 2500 sissent

223 2603 274 2612 -
319 2563 371 2636 25,
391 2562 445 2623 Sic
459 2608 482 2623 ..
495 2561 575 2624 .Dee'
625 2554 750 2637 Sicque
766 2552 1033 2636 omnipotentis,

225 2725 275 2736 -
320 2686 373 2759 26,
389 2685 427 2771 de
435 2685 575 2769 peqam's
625 2676 668 2741 de
682 2677 829 2760 paganis
845 2677 1005 2758 gloriose.

224 2809 297 2884 442,
340 2810 369 2883 3,
376 2808 562 2891 fhstieitetie
620 2800 709 2864 deest.

223 2971 274 2983 -
319 2932 372 3005 16,
390 2932 538 3015 eieyeetee
623 2924 809 2987 vallarunt.

223 3055 297 3130 443,
335 3056 364 3130 2,
382 3053 440 3117 hee
455 3076 557 3118 werre
623 3065 758 3127 guerra·

222 3218 272 3229 —
339 3180 368 3252 3,
385 3177 422 3240 de
437 3186 539 3241 cetero
622 3169 741 3232 11111111·

222 3339 273 3350 -
318 3299 369 3375 11,
387 3299 424 3362 de
441 3297 573 3375 Lenda
624 3290 666 3354 de
681 3288 800 3366 Troia,
816 3289 858 3353 de
875 3289 965 3352 Leir.

389 3397 472 3461 Troe

221 3562 272 3573 -
318 3523 371 3597 13,
383 3520 548 3604 prophetia
623 3511 806 3595 prophetia
824 3511 877 3576 vel
899 3509 1159 3594 prognosticum
1177 3508 1243 3572 diei
1267 3509 1326 3572 de-

645 3613 738 3675 beat.

223 3783 273 3793 —
319 3737 370 3818 17,
384 3741 572 3806 ieAeereia
622 3733 739 3798 desem.

221 3901 272 3914 -
317 3866 370 3942 26,
387 3863 527 3930 concessit
624 3859 717 3922 addit
739 3856 864 3934 Paris„
890 3855 960 3920 Sed
980 3865 1020 3920 ut
1044 3857 1158 3920 verius
1178 3856 1327 3933 dicatur,

645 3958 761 4040 potius
790 3956 940 4020 creditur
967 3955 1085 4020 divina
1105 3954 1212 4018 fuisse
1239 3955 1325 4018 ultio

645 4063 680 4119 et
695 4054 874 4137 sanguinis
891 4055 985 4118 beati
1005 4054 1149 4117 Thomae
1165 4054 1327 4135 martyris

646 4155 859 4230 reclamatio,
910 4152 993 4235 quia
1034 4153 1127 4235 quod
1171 4152 1249 4215 Deo
1291 4159 1327 4214 et
